3959 5359
991 332 1346 440 Taanprrortns

897 617 901 624 ’
922 631 1345 731 MIVICCLXXXVI.

712 783 893 876 Doratr'o
923 779 1100 896 Rutgrrr‘
1127 780 1169 868 in
1197 779 1292 867 villa
1319 778 1565 873 Flanclrer‘m.

507 963 608 1094 Ego
625 951 664 1028 in
689 952 756 1028 Dei
774 951 921 1026 nornine
948 951 1091 1044 Rutger
1109 947 1207 1024 dono
1227 946 1276 1041 ad
1293 943 1457 1024 laudium
1486 950 1688 1028 Nazarium
1706 951 1778 1031 dcc.

587 1055 765 1152 quidquid
788 1052 1019 1151 proprietatis
1042 1049 1178 1125 habere
1203 1049 1329 1125 videor
1348 1047 1388 1124 in
1405 1074 1500 1149 pago
1527 1051 1716 1150 Creicgowe
1739 1056 1778 1129 in

507 1158 598 1234 villa
625 1155 841 1248 flancheim,
868 1153 907 1230 dc
926 1152 966 1227 in
991 1150 1192 1226 narrata
1217 1172 1344 1224 marca
1369 1151 1410 1226 in
1435 1151 1596 1243 mansis,
1621 1156 1778 1254 campis,

508 1257 637 1358 pratis,
651 1256 765 1344 silvie,
792 1254 910 1351 aquis,
925 1254 1090 1351 exceptis
1104 1249 1148 1348 jjj
1169 1251 1364 1350 mancipiis
1378 1252 1416 1330 ἀ
1424 1251 1467 1348 jjj
1481 1253 1707 1350 jurnalibus‚
1719 1256 1779 1332 tti-

536 1360 699 1538 ulppionp
720 1357 883 1472 subnixa.
936 1351 1075 1434 Astum
1094 1353 1135 1430 in
1159 1352 1378 1431 monasterlo
1408 1355 1656 1449 Lautisham,
1683 1379 1780 1440 anno

614 1483 704 1537 aror
724 1480 832 1556 regis.
1010 1493 1017 1500 ·

919 1656 1368 1752 MMCCLXXXVII·
1535 1749 1541 1758 .

659 1797 663 1808 ’
778 1799 958 1932 Dorarip
991 1802 1203 1921 Wnlperti
1230 1804 1272 1892 in
1300 1802 1539 1898 Flancier'm.

419 2049 424 2056 .
512 1988 565 2115 ln
583 1969 717 2052 Christi
733 1970 880 2047 nomine
893 1972 1101 2074 conplacuit
1114 1985 1225 2072 atque
1236 1971 1409 2049 convenit
1428 1973 1524 2050 Inter
1534 1974 1778 2054 venerabilem
1838 2033 1843 2042 .

564 2073 777 2152 Titrochum
790 2073 962 2166 abbatem
989 2073 1200 2151 monasterii
1226 2073 1333 2150 santii
1359 2075 1525 2161 Nuntii,
1551 2089 1592 2151 ut
1611 2099 1668 2151 res
1692 2077 1777 2152 suas‘

513 2179 607 2254 inter
633 2174 668 2251 se
689 2185 970 2250 commutarent.
1024 2176 1138 2252 Dedit
1158 2177 1272 2274 igitur
1290 2176 1466 2275 praefatus
1489 2176 1586 2253 abba
1606 2178 1779 2276 praedicto

513 2279 707 2378 Walperto
721 2278 760 2350 in
779 2299 873 2376 pago
899 2275 1141 2374 CreIchgowe
1154 2278 1194 2353 in
1220 2279 1423 2355 Flanirheim
1441 2274 1493 2374 xjj
1507 2276 1670 2376 jurnales
1684 2277 1782 2355 &de

515 2381 630 2482 pratis
645 2379 802 2478 perticas
819 2401 886 2471 xn3
900 2401 921 2454 e
936 2393 1065 2456 contra
1079 2381 1182 2456 dedit
1200 2380 1392 2480 praedistus
1412 2380 1470 2455 vit
1489 2381 1721 2458 tantumdem
1744 2381 1781 2456 in

516 2484 646 2560 eodem
663 2493 758 2580 pago
773 2481 811 2555 in
839 2477 1096 2556 Gozbtdrslreim
1121 2481 1349 2579 stipulatione
1370 2479 1536 2557 subnixa.
1587 2481 1725 2558 artum
1745 2481 1783 2558 in

518 2581 732 2664 monasterio
751 2581 993 2673 Laurisham,
1019 2606 1115 2660 anno
1133 2581 1311 2658 XXXVII
1330 2579 1525 2656 Ludowici
1543 2581 1653 2677 regis.
1740 2595 1744 2601 ’

917 2778 1378 2876 uucmxxxvru.
1437 2744 1441 2748 ’

745 2908 925 3003 Donatio
951 2910 1156 3006 Gumlerti
1185 2911 1227 2998 in
1252 2897 1380 2996 eadent
1404 2929 1550 3028 marca.

546 3109 571 3162 n
591 3079 721 3162 Christi
735 3083 882 3159 nomine
897 3080 1109 3179 conplacuit
1119 3081 1215 3157 inter
1231 3074 1475 3156 venerabilem
1500 3069 1711 3148 Samuelem
1721 3073 1789 3151 ab·

570 3188 693 3265 batem
706 3184 911 3261 monasterii
936 3182 1047 3258 santli
1063 3181 1218 3258 Nazarii
1232 3179 1271 3257 dr
1291 3179 1413 3256 virum
1435 3175 1580 3252 nomine
1605 3175 1790 3252 Gumber·

519 3297 619 3378 tum,
646 3307 687 3364 ut
700 3310 758 3362 res
771 3287 852 3363 suas
866 3285 961 3361 iuter
974 3283 1009 3360 se
1030 3296 1314 3360 commutarent.
1366 3277 1477 3355 Dedit
1488 3277 1600 3373 igitur
1613 3277 1791 3376 praefatus

519 3391 614 3468 abba
634 3390 775 3467 invilla
801 3387 994 3462 flancheim
1010 3381 1185 3483 prammj
1196 3407 1207 3478 ;
1223 3409 1245 3458 e
1266 3395 1393 3459 contra
1420 3379 1521 3453 dedit
1536 3377 1711 3477 praefatus
1731 3380 1792 3455 vit

519 3495 560 3569 in
576 3493 705 3570 eadem
720 3513 843 3566 marca
854 3485 868 3584 j
897 3503 1046 3586 pratum
1061 3487 1292 3586 stipulatione
1307 3483 1468 3560 subnixa.
1508 3479 1643 3557 anun
1658 3481 1697 3556 in
1710 3505 1793 3556 mo-

331 3642 387 3696 m,
402 3621 483 3692 Nov,
519 3595 673 3673 nasterio
707 3592 954 3678 laurisham,
987 3590 1047 3666 die
1069 3587 1107 3668 X
1130 3586 1311 3669 kalendas
1340 3581 1580 3672 Decemb'ris,
1614 3606 1712 3660 anno
1738 3582 1793 3660 XI

354 3711 359 3718 '
521 3695 717 3781 Ludowici
736 3693 834 3792 regis
844 3688 1012 3787 junioris.

1390 3975 1740 4063 MMCCLXXXIX·
