3959 5359
484 356 560 449 42⁶
951 343 1311 430 rummiens
1355 368 1360 374 ·
1478 439 1490 450 ἢ

485 559 844 583 m

483 651 574 736 bus,
601 645 796 738 aedificiis,
823 647 964 748 pratis}
987 645 1111 738 silvis,
1137 614 1256 746 eduis,
1282 646 1321 724 dt
1334 651 1521 750 mancipia
1531 650 1587 751 jjjj
1615 653 1763 756 stipula.

482 749 763 950 tffighsubengiirga.
789 751 928 829 Atium
941 751 980 828 in
999 749 1218 827 monasterio
1230 750 1476 846 Laurisham,
1490 777 1553 834 an.
1566 759 1764 841 XXXVIII

925 1033 1298 1154 tMMCCLert

741 1157 924 1252 Donatio
953 1160 1148 1256 Richarti
1175 1164 1218 1250 in
1242 1165 1373 1252 eadem
1396 1167 1506 1257 vida.

302 1271 453 1408 aedat·
484 1343 537 1472 1¹²
556 1326 691 1409 cmm
716 1315 890 1414 nomine,
919 1327 983 1404 rub
1005 1331 1063 1406 rie
1096 1330 1185 1408 vm
1205 1331 1387 1410 kalendas
1407 1332 1533 1434 June,
1567 1359 1666 1414 anno
1690 1339 1762 1419 xv
1882 1331 1896 1340 ’

536 1432 669 1508 Karoli-
685 1430 806 1524 regis,
833 1452 902 1524 ego
928 1431 1084 1506 Richart
1097 1455 1161 1530 pro
1184 1436 1348 1510 remedio
1375 1436 1511 1513 animae
1536 1438 1761 1518 Balisuindae

368 1529 377 1554 ·'
483 1531 580 1610 dono
600 1532 822 1610 adientium
845 1531 1048 1609 Nazarium
1063 1533 1135 1610 dte.
1155 1531 1760 1644 Lcmgmffirssddffldessl

484 1631 868 1754 semermium&
1745 1640 1751 1648 ’

959 1818 1313 1918 MNICCLXVII.
1403 1895 1408 1906 .

663 1945 925 2044 Commutatio
949 1945 1181 2039 Hildedaldi
1208 1950 1251 2039 in
1279 1952 1410 2040 eadem
1435 1979 1582 2040 marca.

487 2128 539 2257 ln
557 2109 687 2188 Christi
707 2113 855 2188 nomine
879 2115 1105 2214 complacuit
1125 2131 1236 2217 atque
1260 2120 1431 2198 convenit
1452 2119 1545 2195 inter
1562 2117 1750 2218 venerabi·

538 2216 614 2290 lem
637 2215 853 2290 Titrochum
879 2217 1053 2293 abbatem
1078 2220 1286 2298 monasterii
1301 2223 1410 2300 santii
1433 2221 1584 2300 Nazarii
1596 2221 1635 2297 in
1657 2221 1755 2296 Lau·

486 2317 636 2396 resham
652 2317 690 2394 dt
704 2315 826 2394 virum
842 2320 1028 2414 quendam
1053 2321 1349 2413 Hildebaldum,
1376 2340 1420 2402 ut
1440 2347 1500 2402 res
1515 2325 1596 2401 suas
1610 2323 1704 2399 inter
1723 2321 1756 2397 se

487 2431 768 2495 commutarent.
823 2419 932 2496 Dedit
952 2421 1069 2518 igitur
1094 2425 1268 2523 praefatus
1294 2427 1392 2501 abba
1416 2427 1589 2526 praeditto
1617 2427 1695 2502 viro
1718 2425 1759 2499 in

418 2535 422 2538 “
486 2543 583 2621 pago
609 2519 850 2617 Creichgowe
866 2521 1009 2600 invilla
1035 2525 1252 2612 Brethaitim
1267 2526 1435 2637 manse-m
1449 2525 1487 2624 j3
1516 2550 1537 2599 e
1557 2526 1758 2602 contrade-

486 2623 542 2698 dit
556 2621 732 2722 praefatus
749 2623 806 2701 vir
827 2625 865 2700 in
876 2625 1008 2700 eadem
1033 2649 1157 2701 marca
1167 2621 1333 2718 jurnales
1342 2622 1398 2720 jjfl
1421 2625 1653 2720 stipulatione
1673 2626 1758 2700 sub-

484 2724 583 2800 nixa.
638 2724 776 2804 Attum
802 2726 841 2805 in
871 2725 1085 2806 monasterio
1116 2724 1340 2801 Lautisham
1371 2746 1468 2801 anno
1490 2723 1599 2800 XXX
1629 2725 1754 2800 Ludo·
1886 2741 1892 2750 ·

484 2826 573 2904 wici
590 2829 697 2927 regis.
1038 2877 1044 2890 .
1150 2873 1159 2892 „

927 2962 1296 3058 MMCCLXVIII.

741 3091 921 3186 Donatio
955 3093 1148 3188 Willonis
1173 3093 1214 3181 in
1239 3089 1368 3179 eadem
1396 3091 1502 3178 vilia.
1620 3085 1626 3099 “

484 3266 584 3398 Ego
599 3259 637 3337 in
662 3261 731 3339 Dei
747 3261 894 3339 nomine
919 3261 1038 3343 Willo
1053 3261 1232 3362 presbiter
1251 3282 1317 3360 pro
1329 3259 1492 3337 remedio
1511 3258 1646 3336 animae
1657 3278 1754 3336 meae

563 3363 658 3439 dono
680 3365 728 3441 ad
754 3364 915 3470 [antium
943 3365 1147 3442 Nazarium
1171 3363 1242 3442 dte.
1267 3363 1305 3438 in
1322 3386 1419 3464 pago
1451 3359 1690 3458 Creichgowe
1715 3360 1768 3438 in·

406 3475 408 3478 ’
483 3463 718 3542 Brrtahrimcr
733 3489 881 3555 marca,
906 3466 944 3542 in
959 3467 1041 3541 loco
1057 3465 1120 3564 qui
1135 3481 1291 3544 vocatur
1318 3460 1612 3562 Geldoifishusm,
1636 3463 1754 3538 eccle-

343 3599 347 3606 ·
484 3565 592 3656 fiam,
616 3591 701 3665 quae
727 3569 865 3646 ibidem
887 3567 1088 3644 construite
1111 3567 1187 3657 est,
1213 3566 1253 3644 dt
1274 3567 1455 3665 quidquid
1474 3567 1512 3640 in
1526 3563 1601 3664 ipsa
1626 3586 1753 3640 marca

482 3669 618 3748 habere
635 3672 731 3747 visus
749 3671 827 3747 ium
843 3671 880 3746 in
900 3668 1060 3758 mansis,
1087 3670 1220 3767 pratis,
1247 3670 1444 3756 domibus,
1468 3666 1649 3754 aedificiis,
1669 3662 1708 3743 dt
1724 3691 1752 3740 x

482 3773 665 3874 mancipia
679 3796 765 3848 cum
780 3771 950 3848 omnibus
964 3793 1048 3868 quae
1060 3769 1197 3848 habere
1210 3768 1407 3860 videntur,
1432 3769 1663 3869 stipulatione
1674 3767 1753 3843 iub-

481 3875 582 3951 nixa.
635 3873 772 3954 Atium
790 3871 1056 3954 inmonasterio
1081 3872 1324 3965 Laurisham
1352 3897 1447 3952 anno
1467 3873 1538 3948 XII
1561 3867 1753 3946 Ludowici

1955 3864 1957 3903 r

464 3971 721 4111 imperatoris.
1419 3969 1698 4076 MMCCLXIX·
