3959 5359
1527 1325 2099 1424 DCCCXIX.

1074 1457 1438 1553 Donatio
1495 1454 1754 1553 Bloae
1811 1461 1895 1548 in
1965 1459 2105 1553 W
2089 1457 2462 1547 ormact‘a.

509 1511 541 1550 s

480 1569 575 1724 23(
737 1621 963 1705 Anno
992 1609 1096 1707 11‘1
1128 1631 1333 1728 regni
1364 1629 1648 1707 domini
1680 1626 1897 1705 nostri
1927 1629 2183 1738 Karoli
2212 1629 2444 1726 regis,
2472 1647 2614 1723 ego
2663 1622 2859 1705 Blon

500 1711 835 1829 Χῖῷκχ
920 1733 1146 1809 vidua
1176 1756 1308 1833 pro
1323 1733 1653 1808 remedio
1682 1732 1951 1810 animae
1982 1755 2173 1810 meae
2201 1732 2428 1818 dono,
2461 1732 2861 1805 donatum·

474 1809 585 1900 ’ἵ
601 1791 742 1923 6⁴3*
919 1858 1066 1931 que
1094 1834 1275 1935 inpe
1406 1850 1625 1911 tuum
1652 1832 1792 1909 esse
1813 1835 2076 1912 volo&
2106 1836 2369 1910 devota
2403 1846 2651 1907 mente
2680 1854 2857 1907 con·
2930 1908 2936 1916 ,

913 1937 1127 2012 firmo
1155 1938 1253 2012 ad
1313 1941 1609 2013 anetum
1644 1937 2042 2013 Nazarium
2075 1954 2523 2032 martyrem,
2567 1933 2693 2031 qui
2742 1956 2857 2008 re-

306 2038 617 2140 quiescit
642 2036 722 2113 in
760 2059 1063 2138 corpore
1094 2037 1174 2113 in
1201 2062 1393 2137 pago
1443 2036 1756 2124 Rinenfi,
1787 2039 1862 2114 in
1891 2038 2326 2115 monasterio
2360 2035 2858 2128 Lauroeham,

302 2145 441 2219 vel
461 2143 568 2222 ,ad
599 2141 766 2213 illos
795 2139 1039 2215 servos
1068 2140 1261 2226 Dei,
1328 2140 1456 2235 qui
1504 2140 1777 2215 ibidem
1827 2141 1980 2214 Deo
2025 2142 2291 2216 servire
2335 2137 2703 2223 videntur,
2729 2134 2864 2211 ubi

306 2245 436 2318 vir
460 2239 903 2314 venerabilis
949 2239 1492 2311 Gundeiandus
1532 2239 1725 2312 abba
1751 2240 2036 2331 praeefl'e
2067 2241 2360 2312 videtur
2378 2286 2399 2321 ‚
2423 2236 2572 2307 hoc
2596 2234 2696 2308 est
2726 2288 2747 2320 ,
2787 2235 2868 2310 in

311 2340 639 2415 civitate
664 2335 774 2413 W
765 2338 1162 2428 angionum,
1197 2355 1364 2428 quae
1390 2334 1946 2427 cognominatur
2004 2333 2112 2410 W
2103 2335 2427 2417 ormacia,
2454 2332 2789 2406 mansum
2813 2330 2873 2427 j,

307 2440 445 2516 cui
463 2434 934 2529 subjungitur
957 2434 1053 2508 de
1053 2430 1092 2526 j
1107 2435 1337 2508 latere
1367 2431 1621 2519 strata,
1673 2433 1764 2507 de
1795 2432 1941 2506 aiio
1971 2446 2173 2507 tenet
2201 2430 2595 2526 Lingquus
2621 2429 2868 2531 &ipsa

307 2537 665 2616 donatrix
698 2587 721 2622 ‚
772 2557 818 2608 a
850 2532 972 2608 die
1021 2531 1364 2631 praesenti
1392 2533 1483 2607 de
1497 2531 1664 2628 jure
1705 2556 1878 2609 meo
1925 2533 2003 2608 in
2023 2530 2150 2629 jus
2179 2532 2258 2609 δι
2287 2531 2865 2613 dominationem

305 2638 533 2717 sansti
566 2635 880 2716 ,Nazarii
946 2635 1159 2709 trado
1201 2648 1427 2730 atque
1472 2634 1906 2712 transfundo
1932 2688 1951 2723 ‚
2005 2636 2112 2711 ita
2155 2650 2244 2711 ut
2284 2636 2379 2710 ab
2408 2634 2552 2711 hac
2592 2637 2712 2712 die
2764 2638 2862 2714 ad

304 2740 551 2840 ipsum
582 2740 827 2813 locum
858 2736 1180 2812 faustum
1233 2736 1436 2811 omni
1477 2750 1807 2837 tempore
1851 2729 2188 2836 proficiat
2217 2738 2295 2812 in
2345 2753 2857 2833 augmentum.

308 2844 630 2937 Signum
659 2841 909 2927 Bloae,
962 2861 1134 2935 quae
1159 2836 1390 2934 hujus
1434 2839 1857 2916 donationis
1883 2842 2252 2916 cartulam
2284 2837 2437 2914 fieri
2469 2837 2544 2914 δι
2577 2838 2861 2917 firmari

305 2944 607 3037 rogavit
632 2995 652 3029 ,
705 2942 988 3036 signum
1037 2940 1460 3036 Hildigerni
1488 2941 1621 3015 filii
1649 2941 1812 3041 ejus
1838 2995 1862 3033 ‚
1914 2940 2206 3041 signum
2253 2940 2669 3031 Humum,
2722 2940 2859 3038 fig-

305 3066 506 3126 num
553 3042 957 3121 Liutuuini.
1059 3042 1370 3121 Samuel
1394 3042 1652 3143 scripfi.

1331 3241 1852 3335 DCCCXX.
1941 3313 1972 3350 .-

1131 3368 1490 3457 Donatio
1547 3373 2045 3485 Hildegerni.

242 3670 256 3684 ·
314 3534 649 3674 Eodem
681 3557 877 3612 anno
926 3529 1456 3628 Hiltdigernus
1495 3528 1687 3604 dono
1716 3533 1810 3608 ad
1858 3534 2175 3609 eundem
2226 3534 2545 3609 faustum
2589 3539 2876 3629 marty-

485 3659 644 3710 rem
677 3638 771 3712 N.
797 3637 824 3732 j
862 3636 1202 3712 mansum
1236 3633 1319 3707 in
1345 3629 1690 3729 pinedista
1718 3634 2021 3709 civitate
2082 3632 2476 3711 Wormacia
2501 3657 2675 3711 cum
2708 3635 2871 3716 casa

316 3734 408 3813 &
441 3734 679 3809 scuria
710 3787 732 3823 ,
784 3738 904 3812 cui
930 3734 1248 3832 subjacet
1299 3733 1430 3810 ille
1474 3732 1771 3809 mansus
1797 3789 1820 3824 ‚
1870 3734 1948 3812 &
1975 3732 2280 3811 confinis
2305 3736 2403 3811 est
2446 3737 2593 3825 illi,
2646 3742 2871 3831 quem

314 3836 641 3933 genitrix
695 3860 871 3913 mea
902 3836 995 3911 ad
1043 3838 1365 3913 faustum
1417 3834 1820 3911 Nazarium
1868 3836 2170 3913 tradidit
2200 3890 2219 3925 ‚
2272 3836 2349 3915 δι
2394 3838 2580 3913 duas
2624 3850 2867 3936 partes

319 3936 553 4121 νοιῖίῐ
575 3935 1006 4122 ἰηᾶὶτειεαιη
1020 3991 1046 4030 ,
1095 3940 1190 4017 de
1236 3933 1327 4037 jjj
1368 3938 1605 4027 latere
1617 3954 1846 4120 Aenet
1893 3939 2289 4038 Linguifus
2316 3992 2342 4031 ‚
2393 3929 2471 4030 δι
2498 3940 2627 4017 ille
2673 3938 2861 4018 alius

486 4061 615 4117 omo
738 4094 771 4121 ⁴0
2550 4063 2766 4128 man‘
