3959 5359
571 434 628 491 ru
655 430 786 488 enno
810 382 1048 490 Woamnr.
1394 430 1445 503 4⁹

164 720 311 799 Worm.
325 718 367 795 in
381 718 564 795 Fannio
580 740 729 807 marca,
755 718 858 793 illam
880 712 1115 793 medietatem
1131 708 1178 785 de
1189 710 1292 785 omni
1307 730 1350 785 re
1364 730 1448 808 pro-

165 822 336 920 prietatis
352 822 506 911 nostrae‚
532 844 623 895 cum
640 814 749 908 casio,
774 820 930 919 campis,
956 812 1088 915 pratiS,
1114 810 1270 911 pascuis,
1295 811 1468 911 perviis,-

168 924 309 1019 aqniS,
334 946 568 1023 aquarumve
594 924 827 1012 decnrfibus,
857 920 894 999 δι
917 918 1023 994 illam
1056 914 1296 989 medietatem
1315 916 1355 988 in
1366 911 1448 1009 jam

169 1026 351 1125 praedisia
365 1028 459 1109 villa
472 1027 518 1101 de
542 1026 627 1101 dote
641 1038 834 1131 parentum
849 1044 1019 1100 meorum
1035 1069 1058 1119 ‚G
1070 1016 1136 1091 seu
1150 1017 1197 1088 de
1211 1013 1380 1111 quolibet
1393 1014 1450 1091 at·

168 1128 296 1203 trasiu
312 1130 361 1204 ad
376 1150 437 1205 me
452 1128 609 1204 noscitur
632 1129 773 1223 legibus
785 1122 1008 1227 pervenisse,
1036 1120 1220 1193 donamus
1234 1115 1281 1193 ab
1301 1116 1374 1192 hac
1388 1118 1450 1195 die

166 1232 441 1330 perpetualiter
453 1230 500 1305 ad
517 1228 763 1328 poffidenonm
785 1227 1020 1330 stipulatione
1042 1221 1206 1297 subnixa·
1255 1216 1390 1295 Assum
1406 1220 1448 1299 in

166 1332 389 1408 monasterio
412 1329 635 1431 lauressam,
661 1330 725 1408 sub
747 1332 806 1407 die
828 1330 868 1409 δι
881 1345 1077 1427 tempore,
1103 1345 1177 1421 quo
1192 1322 1306 1421 supra.
1357 1323 1444 1423 Sig-

166 1446 264 1510 n'um
283 1433 458 1531 Baugulsi
471 1432 509 1511 or
535 1435 704 1524 Gunzae,
728 1434 794 1531 qui
810 1435 909 1511 hanc
933 1427 1172 1508 donationem
1191 1422 1270 1502 fieri
1290 1448 1443 1525 rogave-

164 1548 272 1625 runt,
298 1534 443 1634 signum
456 1535 684 1635 Helmgozi,
709 1536 898 1647 Folmerti.
950 1528 1105 1611 Samuel
1127 1526 1271 1627 scripsit.

472 1828 477 1839 ,
641 1671 996 1831 oocecxmr.

315 1944 326 1989 ,ι
432 1882 616 1977 Doootio
646 1884 877 1975 Bilirammi
905 1882 947 1971 in
974 1874 1194 1975 Flonheim.

131 2130 138 2139 ,
160 2061 212 2189 In
227 2050 372 2131 Christi
398 2054 547 2128 nomine
561 2051 627 2127 sub
643 2052 704 2127 dle
720 2052 833 2152 pridie
847 2052 931 2143 idus
945 2049 1070 2153 Junii,
1095 2070 1193 2125 anno
1207 2044 1327 2123 XXIII
1344 2041 1448 2141 regni
1481 2064 1534 2115 12·
1542 2043 1618 2123 lun.

216 2154 356 2227 Karoli
372 2154 490 2245 regia,
515 2176 587 2249 ego
601 2154 761 2229 Biliram
774 2156 868 2229 dono
886 2155 934 2229 ad
949 2154 1110 2229 sanilam
1134 2150 1333 2227 Nazarium
1348 2165 1449 2221 mar·

163 2264 301 2347 tyrem
314 2252 391 2325 &o
419 2273 499 2323 rem
513 2272 643 2329 meam
656 2253 698 2324 in
711 2259 805 2348 pago
828 2256 970 2331 Worm.
986 2255 1027 2327 in
1051 2250 1228 2325 Fsoeireim
1248 2270 1372 2322 marca
1391 2246 1453 2320 ieu
1535 2278 1543 2289 ·

168 2351 212 2425 in
227 2350 430 2425 Brunlror'm
445 2402 456 2437 ‚
481 2350 521 2427 &
536 2350 576 2425 in
590 2351 860 2427 Hemradeslreim
881 2407 892 2441 ,
918 2352 1097 2451 quidquid
1111 2352 1150 2426 in
1162 2348 1342 2451 prodistis
1354 2368 1453 2422 mar·

165 2452 224 2526 cis
240 2450 346 2529 visus
360 2451 441 2525 sum
457 2467 582 2527 tenere
603 2454 663 2527 vel
682 2451 878 2551 possidere,
905 2450 1161 2559 tafflQfi⁵²
1187 2450 1350 2549 campis,
1366 2470 1449 2547 pra·
1466 2480 1511 2527 τ
1554 2450 1719 2521 (μιν
1735 2464 1771 2501 ν

165 2556 242 2641 τίς,
271 2552 444 2653 pascuis,
469 2553 634 2653 perviis,
661 2554 806 2644 vineiS,
827 2556 1024 2643 iiomlbuS,
1047 2552 1233 2639 aedificiiS,
1257 2551 1448 2653 peculibus

156 2656 362 2753 utriusque
382 2654 494 2733 sexus
514 2710 525 2745 ,
552 2654 693 2755 majore
719 2658 778 2733 vel
798 2656 962 2748 minore,
989 2654 1243 2734 mobilibus&
1263 2652 1447 2729 inmobili-

163 2758 236 2835 bus
256 2812 267 2848 ,
294 2760 419 2835 omnia
442 2757 481 2835 δι
507 2784 555 2835 ex
572 2760 774 2849 omnibus,
800 2758 987 2862 exceptoj
1012 2760 1143 2851 manso
1163 2757 1211 2841 ,δι
1238 2752 1291 2853 xjj
1308 2753 1443 2853 jornal.

162 2858 233 2952 &j
261 2876 382 2957 prato,
409 2860 447 2937 δι
461 2886 536 2939 una
558 2864 696 2953 vinea,
724 2886 770 2941 ea
785 2876 909 2941 tamen
925 2866 1093 2952 raeione,
1119 2862 1216 2939 utin
1232 2857 1447 2959 praecariam

168 2958 309 3033 diebus
335 2963 427 3037 vitae
453 2986 549 3041 meae
571 2965 767 3053 habeam,
800 2968 874 3065 post
895 2969 1041 3043 obitum
1064 2988 1153 3041 vero
1172 2986 1299 3039 meum
1318 2961 1357 3046 in
1376 2957 1448 3055 ‘jus

170 3058 290 3135 sansii
304 3060 453 3135 Nazarii
469 3080 672 3144 revertatur
694 3070 954 3167 perpetualiter
978 3070 1028 3143 ad
1042 3066 1316 3167 poffidendum,
1341 3062 1449 3159 stipu-

174 3160 321 3237 latione
337 3158 502 3237 subnixa.
554 3160 687 3243 illium
703 3170 745 3243 in
775 3170 990 3246 monasterio
1016 3168 1230 3243 Laureolum
1250 3164 1313 3241 sub
1328 3162 1389 3238 die
1411 3159 1451 3237 δι

107 3294 109 3299 ’
173 3276 374 3362 tempores
402 3282 477 3357 quo
495 3260 606 3359 supra.
656 3270 820 3365 Signum
834 3270 1082 3371 Reginhardi,
1108 3264 1304 3356 Heriwini,
1330 3262 1453 3341 Amil-
1513 3266 1519 3285 '

174 3364 273 3441 heri.
327 3360 521 3443 Radulfus
538 3361 679 3464 scripsit.
1292 3431 1296 3441 .

586 3617 588 3623 ¹
647 3562 1002 3663 DCCCCXLIV.

428 3698 610 3791 Donatio
638 3694 826 3809 Aim'ngo
853 3700 894 3787 in
907 3692 1206 3821 -Escisebruniu

177 3874 285 4007 Ego
305 3865 346 3943 in
382 3866 454 3943 Dei
481 3867 630 3944 nomine
663 3864 835 3963 Ainingo
859 3870 954 3947 dono
980 3867 1031 3945 ad
1055 3863 1216 3941 sanilam
1249 3859 1454 3942 Nazarium

259 3982 465 4067 martyrem
479 3968 552 4049 &n
580 3992 659 4049 rem
681 3990 812 4049 meam
826 3970 864 4047 ln
885 3998 978 4075 pago
999 3969 1136 4056 Wom.
1157 3970 1197 4050 ln
1220 3964 1454 4071 Escilebrauir

232 4072 325 4150 Tora.
347 4073 402 4151 II.
933 4124 946 4138 ,
1286 4091 1405 4183 marc?
