3959 5359
580 397 640 455 nu
665 394 796 453 nano
816 374 1059 456 Wouuan.

711 680 927 780 MXXVI.

612 830 792 924 Donatio
817 828 1041 925 Berinieri.
1086 806 1090 817 ¹

187 1007 242 1138 In
256 998 388 1078 Christi
409 997 561 1077 nomine
585 998 648 1077 sub
668 999 729 1075 die
749 1000 830 1077 idus
860 999 1020 1087 Madias,
1048 1017 1147 1072 anno
1171 994 1244 1071 XX
1268 996 1375 1093 tegni
1395 996 1461 1075 do-
1494 1010 1626 1099 sellai.

238 1104 332 1179 mini
347 1102 459 1179 nostri
484 1100 771 1199 Karoli‘glorioli
793 1104 916 1199 regis,
943 1126 1016 1199 ego
1043 1096 1268 1175 Berinherus
1289 1102 1401 1179 dono.
1414 1102 1462 1179 ad

187 1200 587 1284 sanitumNazarium
609 1219 809 1301 martyrem
828 1206 901 1283 dcc.
956 1206 996 1281 in
1018 1224 1114 1302 pago
1141 1200 1396 1280 Wormatienli
1419 1204 1459 1285 iu

183 1302 432 1383 Bermersiclm
446 1305 630 1404 marchaj
652 1304 789 1403 jurnal.
803 1308 1006 1384 dimidium
1021 1328 1044 1379 a
1058 1305 1116 1378 die
1144 1304 1317 1403 presente
1343 1306 1458 1397 dono,

183 1408 327 1497 trado,
350 1422 459 1507 atque
477 1410 695 1487 transfundo
714 1407 981 1511 perpetualiter
1008 1406 1057 1481 ad
1079 1404 1324 1507 pollidendum
1348 1406 1456 1509 stipu-

181 1507 323 1586 latione
343 1511 504 1589 subnixa,
556 1511 695 1588 Attum
716 1516 757 1587 in
780 1511 1001 1589 monasterio
1026 1504 1227 1608 Laureffam
1250 1508 1312 1585 sub
1334 1510 1392 1584 die
1413 1508 1457 1591 'dt

178 1622 345 1710 tempore
358 1636 431 1709 quo
444 1614 565 1713 supra.
618 1614 780 1712 Signum
796 1612 996 1695 anheri,
1024 1610 1089 1709 qui
1103 1610 1202 1689 hanc
1221 1612 1456 1694 donationem

132 1791 135 1795 ,
166 1708 305 1841 ieri&
328 1712 467 1795 firnasi
483 1716 649 1817 rogavit.
701 1716 892 1797 Rudolfus
912 1713 1059 1817 scnpfit.

178 2147 285 2275 Ego
306 2137 348 2213 in
369 2136 444 2213 Dei
467 2137 620 2215 nomine
643 2137 978 2225 Gozbertusdono
1006 2133 1054 2211 ad
1077 2134 1236 2214 [anetum
1259 2134 1462 2214 Nazarium

266 2250 479 2329 martyrem
498 2238 572 2313 &u
594 2260 716 2312 unam
734 2238 884 2311 vineam
914 2240 955 2313 in
976 2226 1075 2337 pago
1100 2237 1357 2319 Wormatienli
1380 2290 1390 2325 ,
1424 2236 1465 2311 in

171 2333 456 2435 ⁴Bermcrset'mer
476 2361 619 2426 marco,
647 2335 877 2434 stipulatione
896 2336 1057 2415 subnixa
1110 2337 1248 2417 Attum
1270 2341 1307 2415 in
1334 2358 1464 2415 mona·

181 2439 293 2517 sterio
317 2434 601 2535 Laureffomsub
614 2437 678 2513 die
700 2436 750 2515 Vl
766 2438 944 2515 kalendas
953 2441 1067 2540 Julii,
1095 2464 1194 2517 anno
1207 2440 1381 2535 XXVllll
1395 2440 1461 2515 do-
1491 2470 1627 2551 ,Mum

179 2538 277 2617 mini
296 2536 407 2613 nostri
421 2536 548 2614 Karoli
567 2538 682 2635 regis.
734 2538 892 2633 Signum
917 2539 1122 2631 Gozberti‚
1149 2542 1211 2641 qui
1230 2544 1326 2619 hanc
1342 2542 1458 2620 dont·

178 2642 320 2757 tionem
337 2637 417 2717 lieni
435 2638 474 2719 dt
487 2639 628 2721 firmari
641 2638 806 2739 rogavit.
856 2640 1103 2741 Reginbertus
1125 2644 1271 2747 scripsit.

437 3004 474 3019 Ι.
689 2876 947 2976 MXXVIII.
1246 2954 1253 2967 ·
1430 2980 1434 2987 .

254 3020 430 3117 Donatio
462 3022 722 3115 Worinlerti
748 3026 802 3125 Θ
830 3027 1056 3121 Gundrotis
1084 3026 1126 3115 in
1150 3026 1276 3117 eodem
1303 3034 1404 3119 vico.
1599 3034 1604 3045 '

217 3213 245 3265 n
269 3184 407 3264 Christi
431 3188 575 3303 nomine
591 3190 666 3267 iub
693 3190 753 3268 die
775 3194 829 3271 ΙΙΙ
850 3194 1029 3273 kalendas
1055 3190 1272 3289 Augustas,
1305 3216 1404 3274 anno
1424 3192 1459 3275 V
1498 3242 1552 3310 30,
1567 3218 1629 3297 Jut,

242 3288 349 3387 regni
367 3288 511 3363 dommi
529 3284 639 3365 nostri
663 3291 791 3369 Karoli
804 3296 919 3391 regis,
944 3320 1017 3392 ego
1031 3295 1357 3375 warimbertus&
1375 3319 1462 3371 con·
1524 3302 1528 3309 '

186 3388 257 3488 jux
272 3412 358 3467 mea
383 3389 558 3465 Gundrat
575 3389 758 3464 donamus
778 3395 829 3469 ad
849 3395 1011 3469 inuitum
1037 3394 1239 3469 Nazarium
1259 3410 1465 3491 martyrem

192 3492 266 3569 &u
287 3494 326 3569 in
349 3515 448 3593 pago
472 3488 737 3571 Wormatienli
768 3492 808 3569 in
844 3492 1091 3567 mmmmm
1116 3514 1263 3583 marca,
1288 3494 1466 3593 quicquid

195 3595 333 3669 ibidem
355 3595 406 3670 ad
420 3590 586 3694 praeiens
607 3607 756 3690 tempus
778 3590 989 3681 villamus
1015 3591 1174 3681 babere,
1197 3594 1267 3671 hoc
1287 3596 1362 3689 est,
1387 3612 1466 3675 tam

194 3694 235 3771 in
255 3694 415 3781 manfis3
440 3696 602 3793 campis,
652 3694 762 3784 tatis,
787 3715 874 3774 cum
888 3692 1067 3790 adjunuis
1086 3690 1323 3789 adjacentiis,
1349 3700 1467 3778 mobi·
1519 3716 1562 3775 τ.

194 3797 296 3873 libus
315 3796 355 3873 ἀ
369 3796 610 3873 inmobilibus
622 3719 695 3875 gie.
737 3796 884 3877 'Atium
896 3798 937 3873 in
951 3794 1169 3873 monasterio
1193 3798 1388 3904 Lomeslom
1404 3804 1465 3881 sub

179 3900 255 4001 ¹die
278 3898 506 3999 &tempore
530 3923 609 4000 quo
636 3898 761 4002 supra
804 3902 967 4000 Signum
990 3900 1211 4005 Warinberti
1234 3902 1274 3984 dt
1300 3903 1464 4005 conjugis

227 4002 339 4089 lm.
360 4000 416 4082 H·
867 4004 903 4083 L
1268 4068 1296 4121 ,
1335 4005 1415 4107 ejus
