3959 5359
316 571 325 586 ,
467 529 524 588 ru
550 529 675 586 snuo
701 506 1127 590 Wruunarnrrsn.
1357 528 1432 605 599

119 825 126 836 '
159 812 209 889 ad
229 811 392 888 santium
406 810 621 888 'Nazarium
635 809 705 887 &a
733 809 773 887 in
795 833 892 910 pago
917 801 1199 902 Wingartheiba
1219 804 1257 880 in
1281 804 1434 880 Heirhul-

150 912 334 1011 soricinus
345 934 473 1004 marca
488 939 513 988 x
530 910 695 1008 jnrnales
709 912 755 989 de
771 926 887 1003 terra,
913 909 952 990 &
972 922 1123 1010 pratum
1136 907 1185 983 ad
1197 907 1291 986 duas
1310 929 1431 985 carra·

158 1015 246 1106 das,
273 1013 312 1094 δι
324 1039 442 1096 unum
461 1015 690 1116 mancipium
707 1013 780 1092 &n

543 1169 1049 1309 munuscuxxxur.
1140 1331 1146 1338 Ι

344 1391 348 1408 ·
376 1346 560 1450 ΠοιιατὶοΙ
586 1347 844 1464 Regianum,
874 1347 916 1434 in
944 1342 1221 1458 Scillingestat.

156 1524 260 1653 Ego
274 1514 313 1590 in
340 1515 408 1590 Dei
423 1516 573 1592 nomine
598 1515 845 1612 Reginbertus
868 1513 965 1590 duno
981 1510 1029 1589 ad
1051 1510 1210 1588 faustum
1228 1503 1432 1584 Neratium
1485 1528 1501 1542 ”

237 1614 307 1692 &n
324 1617 502 1714 quidquid
513 1618 660 1715 inpage
687 1615 959 1712 Wingartheiba
975 1615 1015 1688 in
1027 1614 1290 1711 Scillingesiater
1303 1632 1431 1685 marca

154 1716 293 1794 habere
308 1717 435 1794 videor
448 1719 486 1792 in
503 1716 638 1794 mansis
653 1741 677 1802 ‚·
691 1719 827 1812 pratis,
853 1716 973 1802 silvis,
1002 1715 1131 1809 aquis,
1145 1712 1326 1799 domibus,
1341 1710 1431 1788 aedi-

155 1817 269 1905 ficiis,
295 1816 334 1891 δι
350 1817 533 1914 mancipia
544 1813 597 1911 jjjj
625 1814 855 1911 stipulatione
876 1813 1041 1889 subnixa.
1094 1812 1232 1890 Attum
1251 1814 1288 1887 in
1302 1836 1431 1887 mona·

154 1915 526 2008 resonantium,
552 1917 610 1993 ue
629 1915 718 1995 vul
744 1915 925 1994 kalendas
948 1915 1062 2016 Juu,
1090 1937 1187 1994 anno
1206 1915 1276 1996 vu
1301 1914 1430 1992 uaron
1456 1912 1510 1980 24·
1520 1889 1598 1970 1¹¹³·

154 2018 266 2116 regis.

530 2203 1055 2299 uuucccurnnrvu.
1105 2159 1111 2166 ’

406 2347 587 2440 Duratio
614 2354 816 2468 Haffridi
843 2356 885 2444 ia
912 2355 1056 2441 eadem*
1069 2347 1178 2439 villu.
1302 2349 1307 2356 ’

154 2525 258 2656 Ego
269 2515 309 2590 in
322 2506 393 2592 De'i
406 2517 555 2594 nomine
581 2519 755 2596 Hadefrit
768 2519 865 2600 dono
877 2521 927 2598 ad
947 2520 1110 2596 santium
1134 2517 1337 2596 Nazarium
1355 2517 1428 2598 &a

233 2618 273 2693 in
286 2641 382 2716 pago
408 2619 693 2715 Wingartheiba
718 2622 861 2699 invilla
884 2624 1121 2722 Scitingessaae,
1147 2646 1174 2696 x
1190 2617 1355 2718 jurnales
1380 2623 1429 2698 de

154 2730 252 2796 terra
266 2719 442 2809 aratoria,
468 2721 564 2796 adie
588 2722 755 2822 praesenti
768 2721 896 2810 dono,
923 2726 1029 2799 trado
1047 2734 1160 2819 atque
1182 2722 1427 2812 transfundo,

153 2820 217 2908 ita,
232 2836 276 2897 ut
290 2821 336 2898 ab
348 2821 420 2899 hac
445 2821 504 2897 die
524 2823 573 2900 ad
594 2823 714 2924 ipsum
736 2825 861 2901 locum
881 2823 1104 2922 proficiatin
1126 2826 1360 2921 augmentis,
1386 2823 1439 2902 &-

153 2919 235 2998 haec
259 2921 409 2999 donatio
433 2925 718 3020 omnitempore
738 2925 847 2998 firma
873 2925 911 2998 δι
928 2925 1067 3001 stabilis
1081 2941 1298 3024 permaneat
1316 2925 1427 3025 stipu·
1789 2989 1793 2995 .

154 3023 292 3097 latione
316 3021 498 3095 subnixa'
531 3017 668 3096 Atium
688 3021 728 3096 in
752 3021 968 3098 monasterio
1001 3027 1253 3117 Laurisham,
1286 3028 1347 3103 die
1372 3027 1426 3110 VI
1459 3027 1513 3101 26.
1528 3028 1613 3106 Nor.
1672 3056 1675 3062 ·

153 3121 332 3199 kalendas
345 3120 580 3210 Decembris,
606 3145 703 3197 anno
715 3122 820 3198 XIIII
844 3123 974 3200 Karoli
993 3124 1102 3218 regis.

532 3319 1078 3416 MMDCCCLXXXVIII.

256 3435 261 3442 ¹
386 3448 568 3543 Duratio
599 3449 824 3560 Wenilonis
849 3450 892 3542 in
919 3453 1049 3541 eadem
1076 3450 1185 3541 villu.

154 3623 253 3752 Ego
270 3615 308 3692 in
331 3615 401 3694 Dei
416 3618 562 3696 nomine
582 3617 916 3703 Wenilo.&frater
930 3643 1036 3699 meus
1057 3621 1208 3711 Boran,
1235 3616 1421 3698 &irmin-

233 3717 322 3807 frid,
348 3717 386 3795 δι
403 3719 501 3796 soror
520 3720 638 3798 nostra
652 3723 759 3800 Duda
775 3723 959 3800 donamus
973 3725 1021 3800 ad
1037 3725 1199 3802 sannam
1219 3721 1421 3800 Nazarium

153 3817 222 3896 &a
249 3819 288 3895 in
300 3844 397 3936 pago
408 3821 690 3919 Wingartheiba
707 3825 746 3901 in
760 3822 851 3902 villa
864 3827 1111 3930 Scitlingcflat,
1132 3822 1186 3924 jjjj
1202 3825 1321 3902 hubas
1333 3847 1421 3900 cum

154 3918 286 3998 manfis
304 3921 358 4020 Jjjj
375 3922 415 4002 δι
433 3925 535 4000 omni
551 3925 707 4003 aedificio
727 3926 965 4029 superposito,
989 3928 1029 4004 δι
1043 3929 1227 4029 mancipia
1240 3925 1318 4025 xjjjj
1333 3949 1422 4004 cum

156 4027 342 4117 omnibus,
368 4025 454 4130 quae
469 4026 606 4108 habere
627 4029 801 4110 videntur
820 4031 1083 4134 perpetualiter
1104 4033 1152 4109 ad
1173 4029 1423 4207 poffippndum

418 4209 421 4216 ,
1294 4150 1398 4242 1qu
