3959 5359
529 421 605 521 34'
1007 403 1367 496 ¹Tunnrrroatus
1403 511 1407 524 ¹
1565 522 1571 532 .

530 660 628 802 hanc
642 702 876 799 donationem
893 720 1077 809 fecerunt,
1104 719 1245 817 signum
1260 722 1493 811 Wurmheri,
1519 722 1726 821 Theogeri,
1750 725 1807 801 11.

531 824 693 912 minolfi‚
718 821 996 912 Willibodouis,
1022 820 1236 914 adelhard,
1262 824 1387 910 wolfi.
1427 824 1804 907 Nantherusinvioe.

530 920 843 1023 Rudolfiscripsrt.
1294 996 1307 1016 ,

1024 1040 1311 1134 Dccccvss.
1426 1054 1452 1081 ’“

987 1168 1169 1259 Donatio
1204 1168 1398 1260 Addom‘s.

341 1362 396 1430 2⁸·
530 1332 898 1534 amma:
913 1333 1563 1533 ‚tamma
1576 1336 1722 1537 tran
1733 1360 1805 1537 a

532 1538 695 1617 remedio
720 1540 858 1617 animae
878 1536 1009 1633 nostrae
1035 1537 1097 1611 seu
1122 1560 1187 1636 pro
1200 1552 1339 1617 aeterna
1362 1539 1600 1617 retributione
1613 1562 1679 1637 per
1703 1540 1814 1615 hanc·

389 1704 392 1711 ,
532 1643 722 1719 kartulam
735 1641 942 1717 donationis
962 1640 1145 1744 donamus
1161 1640 1208 1715 ad
1223 1640 1385 1717 fandum
1409 1642 1479 1716 Dei
1498 1652 1702 1735 martyrem
1724 1638 1807 1714 Na·
1925 1713 1929 1721 .

372 1752 375 1757 '
533 1744 675 1819 narium
700 1742 772 1818 &o
815 1764 893 1818 rem
926 1742 1083 1821 nostram
1107 1742 1146 1816 in
1166 1766 1263 1841 pago
1300 1738 1532 1840 Wormacr'nsc
1553 1742 1593 1815 in
1616 1738 1807 1814 firasirim
1859 1816 1864 1823 ,

532 1866 658 1920 marca
681 1841 728 1938 vjj
750 1840 885 1961 jumpl.
912 1844 958 1919 do
978 1858 1101 1931 terra,
1127 1840 1166 1918 dc
1187 1868 1306 1921 unum
1326 1843 1521 1931 mansum,
1548 1842 1607 1917 vel
1623 1837 1807 1937 quidquid

533 1946 575 2020 in
590 1943 666 2042 ipsa
677 1942 757 2039 jam
771 1958 960 2021 nominata
976 1968 1102 2021 marca
1115 1944 1329 2021 visrfuimus
1343 1944 1496 2033 habere,
1522 1942 1620 2047 adie
1632 1938 1805 2038 praesenti

412 2050 414 2055 '
531 2044 734 2132 donamus,
759 2046 940 2122 tradimus
955 2062 1069 2144 atque
1084 2044 1377 2123 transfundimus
1389 2047 1463 2124 dre.
1518 2043 1654 2118 Adrum
1667 2040 1709 2115 in
1722 2064 1804 2115 mo-

531 2144 694 2240 nasterio
712 2146 929 2221 Laurentium
946 2148 1010 2224 sub
1023 2148 1082 2223 die
1096 2146 1136 2224 dr
1162 2162 1329 2247 tempore
1354 2145 1428 2245 quo
1442 2146 1560 2244 supra.
1593 2137 1802 2244 †signum

526 2247 725 2331 liudonis,
750 2242 932 2342 †fignum
947 2250 1045 2322 Abae
1058 2246 1227 2341 conjugis
1242 2247 1348 2343 ejus,
1373 2249 1439 2343 qui
1452 2247 1549 2321 hanc
1562 2244 1803 2322 donationem

527 2346 666 2447 pariter
680 2344 758 2419 fieri
772 2343 810 2418 δι
836 2343 975 2418 firmari
989 2360 1238 2439 rogaverunt,
1264 2345 1408 2443 fignum
1433 2346 1629 2432 Odolfridi,
1654 2342 1802 2443 signum

529 2444 731 2541 sigefridi,
757 2443 899 2539 fignum
925 2442 1137 2533 Benedidi,
1162 2446 1308 2542 signum
1340 2448 1534 2532 notberti,
1557 2445 1700 2537 iignum
1725 2444 1799 2517 Er-

527 2544 717 2632 kanberti,
741 2544 885 2641 signum
907 2545 1072 2635 Radani,
1097 2546 1244 2643 signum
1268 2546 1435 2628 Hildoffi.
1485 2544 1566 2640 Ego
1585 2540 1799 2625 &marius

434 2648 437 2657 “
527 2648 625 2726 hanc
640 2646 875 2727 donationem
889 2662 1042 2747 rogatus
1051 2647 1188 2753 ¹scripsi.

1011 2850 1312 2945 octonum.
1400 2802 1405 2811 ’

823 3092 827 3101 ‚
910 3092 931 3103 γ’
968 2978 1150 3073 Donatio
1178 2979 1350 3089 Rodulfi.

524 3150 628 3283 Ego
649 3142 688 3220 in
711 3143 782 3222 Dei
806 3146 955 3221 nomine
980 3144 1164 3220 Radulfus
1189 3166 1254 3245 pro
1278 3141 1442 3225 remedio
1464 3143 1602 3224 animae
1626 3146 1795 3241 Udilrad,

520 3274 523 3281 ⁴
596 3244 790 3345 'qnod'ipsa
803 3247 898 3323 mihi
911 3246 1062 3323 tradidit
1082 3267 1199 3321 manu
1213 3247 1441 3346 potestativa.
1455 3248 1552 3324 dono
1566 3249 1793 3328 adrandum

526 3345 727 3423 Nazarium
742 3362 945 3445 martyrem
957 3346 1029 3424 dte.
1053 3346 1127 3421 hoo
1150 3347 1203 3421 est
1211 3400 1223 3437 ,
1249 3349 1344 3424 inter
1366 3350 1551 3425 Arasmim
1566 3348 1606 3427 dt
1630 3351 1792 3427 Neom-

524 3447 610 3523 iuim
626 3452 811 3527 marcado
836 3462 933 3527 terra
955 3448 1116 3529 aratoria
1133 3441 1270 3543 jornali
1283 3448 1338 3547 jjjj
1362 3452 1459 3527 adie
1484 3450 1651 3549 praesenti
1675 3452 1790 3544 dono,

519 3552 632 3627 trado
647 3566 757 3650 atque
783 3552 1001 3631 transfundo
1022 3552 1063 3627 in
1089 3550 1159 3627 Dei
1180 3552 1331 3629 nomine
1345 3554 1602 3652 perpetualiter
1622 3552 1676 3637 ,ad
1689 3552 1790 3652 poffi-
1907 3611 1912 3622 .

188 3722 192 3735 ,
520 3651 685 3751 dendum
705 3653 775 3730 &o
826 3653 964 3731 Anum
989 3654 1029 3729 in
1053 3651 1272 3731 monasterio
1295 3654 1535 3743 Lourmhom,
1560 3654 1626 3731 sub
1645 3654 1705 3731 die
1718 3656 1791 3755 pri·

340 3783 393 3854 30.
408 3767 493 3857 Sept
516 3754 582 3830 die
594 3756 769 3833 kalendas
794 3755 935 3832 octobr.
952 3755 1129 3833 aunolill
1143 3756 1249 3850 regni
1262 3756 1405 3832 domini
1418 3755 1527 3831 nostri
1541 3756 1790 3852 Karoliregis.

518 3856 679 3952 Signum
693 3854 862 3944 Rodulfi,
888 3857 954 3955 qui
967 3858 1066 3938 hano
1078 3854 1317 3936 donationem
1330 3858 1410 3937 fieri
1425 3857 1464 3937 dt
1474 3856 1619 3935 firmari
1631 3857 1792 3955 rogavit,

517 3956 664 4054 agnum
688 3956 892 4049 Chitzonis.
944 3956 1104 4055 Rogiius
1123 3956 1270 4058 scripit.
1508 4038 1754 4143 mccclx,
