3959 5359
200 506 550 646 Gottviceniis,
589 523 671 625 cui
711 506 968 657 aoceptmn'
997 548 1152 657 nupet
1183 516 1465 660 suptemam

197 718 403 823 abbatiae
431 719 528 823 iuae
556 722 842 849 dignitatem
866 718 1005 822 vaide
1028 724 1362 849 gratulamur,
1391 726 1460 827 ai·

193 930 267 1017 ter
289 912 526 1019 Beiieiius
553 992 567 1036 ,
603 916 814 1047 nostras,
841 946 951 1051 quae·
973 919 1177 1020 rariores
1191 916 1316 1037 sunt,
1335 916 1459 1021 adeo

140 1098 143 1107 ’
192 1106 305 1215 suas
333 1110 565 1231 reddidit,
602 1128 657 1211 ut
681 1116 758 1213 vei
773 1094 877 1247 ipie'
896 1115 978 1215 vel
997 1101 1097 1215 ¹nos
1114 1112 1177 1217 de
1198 1115 1367 1245 plagio
1380 1144 1460 1215 ao·

191 1304 345 1411 cuffiri
365 1304 496 1442 pode
520 1304 802 1429 videamur,
831 1328 883 1413 at
908 1342 999 1413 nos
1024 1310 1271 1427 maxine,
1298 1304 1458 1411 nostra

188 1500 331 1605 editio
358 1503 491 1636 quod
506 1501 862 1634 Tegendeenii,
881 1504 915 1609 fi
932 1508 1125 1609 titulum
1143 1512 1246 1636 ejus
1261 1500 1310 1605 dc
1324 1532 1453 1639 prae·
1532 1494 1539 1507 “

182 1696 418 1803 sationem
434 1704 591 1830 legas,
610 1706 712 1853 ζα)
730 1706 927 1811 biennio
946 1706 1179 1808 recentior
1191 1698 1454 1834 fit‚quam·

164 1898 259 2019 vvis
292 1898 347 1999 in
379 1898 539 1999 lucem
564 1874 795 2037 prodierit
818 1907 993 2039 prima.
1067 1896 1318 2005 Nec-dum
1352 1898 1455 2016 iiia‚'

180 2092 319 2223 quod
342 2097 600 2217 novimus,
640 2101 818 2233 publici
839 2096 966 2199 fadia
999 2096 1066 2199 est
1086 2100 1231 2227 jutis,
1252 2105 1454 2225 propter

184 2280 435 2383 defectum
463 2286 677 2401 indicis,
712 2290 797 2413 qui
824 2286 1019 2407 iinguiis
1049 2287 1197 2383 tomis
1237 2278 1460 2407 subjungi

177 2470 342 2579 debet.

254 2780 415 2896 Habes
433 2788 536 2912 hic,
554 2788 731 2913 ledor,
759 2788 1082 2897 diversitatem
1106 2821 1138 2893 a
1161 2788 1322 2894 nostro
1338 2816 1451 2925 pro·

181 2985 374 3121 posito,
399 2994 494 3123 'qui
526 2996 673 3093 totius
703 2991 879 3096 codicis
919 2988 1101 3097 indices
1133 3012 1451 3118 congeremus

181 3180 239 3278 in
266 3209 435 3278 unum.
509 3178 673 3289 Sed&
696 3186 938 3295 diversitas
963 3184 1161 3313 iniignis
1192 3182 1260 3286 est
1285 3187 1338 3285 in
1362 3210 1450 3280 vo·
1634 3288 1638 3293 ,

179 3348 428 3475 luminum
462 3378 636 3525 mole,
676 3395 836 3477 tomus
878 3374 1243 3507 Tegernseenfis
1276 3370 1455 3507 vehi

179 3570 375 3686 mavis,
403 3560 721 3671 Gottviceniis
737 3569 955 3703 primus,
984 3591 1135 3699 quem
1155 3570 1208 3666 in
1233 3560 1455 3665 manibus

182 3759 465 3885 habemus,
512 3778 707 3897 partem
738 3762 949 3867 nostram
988 3758 1457 3915 chronographicdm

401 4076 406 4085 ,
832 3960 867 4065 b
993 4054 997 4059 .
1079 4017 1082 4030 ·
1274 3974 1385 4058 tan·

227 4134 1456 4265 (a)lnimotitud&induepmfstionispofituudannmnnmvis
