3959 5359
992 452 1349 533 Tannrrrourrs

1014 748 1326 861 DOOCXLVI.
1404 826 1412 833 .

796 878 978 977 Duratio
1005 882 1173 995 Egilolfi
1197 884 1240 971 in
1269 884 1397 973 eadem
1425 888 1533 982 villa.
1607 964 1611 974 .
1698 900 1703 922 ¹
1797 886 1803 898 ’

526 1068 579 1199 In
612 1053 745 1133 Christi
777 1052 926 1141 nomine
946 1073 1017 1145 ego
1044 1050 1191 1145 Egilolf
1205 1053 1301 1126 dono
1335 1055 1384 1129 ad
1411 1055 1574 1133 santtum
1599 1057 1803 1149 Nazarium

275 1202 283 1209 -
365 1222 367 1227 .
491 1220 498 1237 ,
579 1170 784 1251 martyrem
810 1152 880 1229 &n
904 1148 1112 1246 j'mansum
1137 1151 1175 1223 in
1199 1152 1423 1228 Frankendal
1454 1158 1563 1234 situm
1587 1183 1675 1237 cum
1700 1162 1802 1237 omni
1848 1170 1954 1267 „apg

527 1256 685 1338 mdiiicio
709 1252 950 1355 superposito,
976 1248 1083 1347 &jjjj
1105 1248 1240 1347 jurnal.
1266 1256 1313 1327 de
1328 1266 1427 1329 terra
1442 1258 1481 1333 dt
1491 1257 1507 1353 j
1535 1262 1683 1339 vineam
1699 1262 1803 1361 super
1826 1246 1950 1358 ¹⁹.st

528 1360 644 1459 ipsum
672 1357 841 1436 mansum
868 1356 1127 1455 perpetualiter
1151 1350 1356 1452 poffidenda
1371 1353 1604 1453 stipulatione
1632 1363 1800 1441 subnixa.
1824 1344 1860 1405 γ’
1974 1391 1975 1402 ’

338 1500 391 1565 30·
412 1480 500 1562 Aug.
529 1460 667 1539 Attum
682 1462 720 1534 in
735 1456 954 1535 monasterio
978 1454 1192 1531 lauresham
1207 1454 1259 1529 ΙΙΙ
1273 1456 1455 1532 kalendas
1477 1456 1665 1558 Septemb.
1692 1488 1800 1553 anno,

529 1586 602 1660 quo
619 1560 736 1659 supra.
790 1560 949 1657 Signum
976 1555 1144 1653 Egilolfi,
1157 1556 1218 1653 qui
1232 1556 1330 1633 hanc
1344 1558 1580 1635 donationem
1592 1560 1693 1648 fecit,
1708 1565 1801 1644 Wil-

528 1663 637 1739 liheri
656 1660 873 1763 presbiteri,
897 1658 1120 1755 sigenam,
1145 1659 1344 1735 Herimari.
1397 1654 1581 1739 Rudolfu's
1596 1657 1750 1763 stripitu

916 1984 922 1995 ⁸
1009 1856 1342 1951 DOCCXLVII.
1610 1992 1613 1997 Ι

550 2140 553 2147 Ι
778 2004 959 2100 Donatio
987 2002 1186 2093 Hechonis
1214 2004 1255 2093 in
1282 2004 1412 2095 rudem
1439 2002 1548 2095 villa.
1593 2002 1606 2015 ’

584 2194 658 2247 nno
671 2169 813 2248 XXVII
830 2170 932 2264 regni
955 2168 1097 2245 domini
1113 2169 1223 2245 nostri
1248 2167 1538 2272 Karoligloriosr
1554 2168 1811 2270 imperatorin*

454 2330 456 2335 ,
609 2294 680 2364 ego
706 2270 838 2343 Hecho
854 2272 951 2340 dono
965 2271 1014 2341 ad
1030 2268 1413 2363 sanaumNazarium
1427 2272 1711 2366 martyrem&c.
1726 2273 1798 2349 hoc

518 2371 599 2458 est,
625 2369 726 2465 quod
741 2367 839 2440 dono
855 2386 922 2463 pro
935 2366 1061 2439 anima
1086 2363 1240 2453 Batulfi,
1252 2365 1269 2461 j
1285 2368 1394 2443 vinea
1407 2368 1446 2443 in
1471 2370 1708 2447 frenandae
1720 2370 1798 2463 fita,

519 2484 636 2569 quam
651 2470 724 2569 ipse
750 2464 928 2543 Batulfus
941 2466 1037 2540 mihi
1051 2466 1233 2552 tradidit,
1260 2468 1359 2541 hanc
1372 2493 1397 2542 a
1420 2468 1481 2543 die
1505 2472 1674 2566 praesenti
1691 2476 1797 2551 trade

521 2569 662 2668 dejure
677 2569 814 2645 medin
825 2564 888 2663 jus
913 2564 952 2643 dt
968 2566 1174 2654 dominium
1190 2564 1300 2640 santii
1315 2566 1363 2641 N.
1387 2568 1604 2643 transfundo
1624 2592 1689 2668 per
1736 2586 1795 2649 tu-

520 2676 629 2750 aliter
643 2670 887 2771 poffidendam
901 2666 1133 2765 stipulatione
1147 2664 1312 2743 subnixa.
1365 2664 1503 2743 Atium
1518 2669 1558 2743 in
1577 2691 1687 2747 mona
1717 2675 1795 2749 erio

333 2812 384 2875 13·
400 2790 476 2866 Jun.
518 2774 730 2850 Lnurrsham
744 2773 829 2847 idus
843 2769 953 2870 Junii.
1005 2768 1165 2863 Signum
1183 2765 1401 2859 Hechnnis,
1425 2767 1491 2865 qui
1503 2768 1601 2859 hanc
1624 2773 1794 2852 donatio·

417 2962 421 2973 ,
518 2898 606 2953 nem
619 2874 719 2952 fecit.
770 2872 955 2971 sigericus
971 2866 1117 2970 scripsit.

981 3068 1334 3165 DCCCXLVIII·
1596 3164 1607 3180 ,

798 3215 979 3314 Danaeia
1009 3216 1206 3311 Ratbaldi
1229 3216 1271 3305 in
1299 3217 1513 3331 Ebrnster'rr.
1573 3218 1584 3239 “

478 3406 484 3417 ·
515 3390 651 3531 Anno
675 3388 746 3467 VII
770 3386 875 3484 regni
896 3385 1040 3461 domini
1060 3382 1171 3461 nostri
1195 3385 1324 3461 Ka'roli
1357 3373 1671 3483 imperatorisego
1696 3384 1790 3463 Rat-

518 3544 524 3553 .
601 3494 688 3570 bald
708 3494 802 3568 dono
828 3511 894 3589 pro
910 3486 1074 3563 remedio
1093 3487 1233 3563 animae
1256 3486 1456 3586 Rutperti,
1480 3487 1577 3587 quod
1593 3486 1667 3585 ipse
1692 3490 1786 3563 mihi

514 3595 668 3671 tradidit
676 3618 797 3673 manu
815 3588 1064 3693 potestativa,
1088 3601 1133 3664 ut
1146 3589 1331 3664 traderem
1352 3590 1401 3664 ad
1417 3588 1575 3664 renerum
1601 3588 1670 3665 Dei
1685 3612 1787 3666 mar·

512 3710 636 3795 tyrem
652 3696 853 3775 Nazarium
861 3692 934 3770 &n
959 3688 997 3788 vj
1016 3689 1153 3788 jurnai.
1169 3691 1211 3766 in
1231 3716 1326 3789 pago
1356 3690 1488 3771 Worm.
1503 3690 1650 3767 invilla
1671 3690 1786 3769 Eden-

505 3803 592 3899 Ἀσίη
617 3798 720 3889 fitos,
748 3820 840 3896 quos
856 3818 879 3870 a
893 3795 953 3869 die
967 3792 1133 3892 praesenti
1148 3794 1305 3892 donatos
1317 3794 1358 3867 in
1373 3804 1590 3892 perpetuum
1604 3792 1673 3869 effe
1687 3796 1782 3882 volo,

512 3914 556 3976 ut
568 3901 741 4000 deinceps
755 3900 804 3974 ad
818 3897 936 3997 ipsum
954 3896 1077 3971 locum
1102 3894 1265 3971 santium
1285 3896 1388 3971 omni
1411 3908 1577 3994 tempore
1592 3892 1784 3995 proficiant

510 3998 551 4075 in
567 4002 780 4099 augmentis
803 3997 1034 4099 stipulatione
1050 3994 1217 4081 subnixa.
1241 3994 1380 4076 Atrum
1392 3997 1434 4076 in
1446 3996 1783 4172 monasteripadau·

661 4154 664 4163 ·
1592 4122 1648 4174 res
1693 4119 1727 4170 m
