3959 5359
622 416 680 472 ne
708 413 840 470 nano
863 392 1099 477 Woaraaa.
1129 416 1133 424 ’
1219 485 1224 497 ¹
1420 422 1472 497 19

678 694 985 789 DCCCLXVI.

617 824 795 917 Donasse
821 825 1055 940 Lond‘ridi.

190 998 246 1130 ln
268 956 409 1068 Christi
426 978 576 1069 nomine
601 993 663 1067 sub
683 994 741 1065 die
764 990 816 1069 VI
834 993 1014 1069 kalendas
1038 992 1147 1069 Febr.
1169 992 1352 1071 annosis
1365 994 1472 1088 regni
1500 1004 1557 1072 27·
1572 986 1641 1061 lu.

243 1094 393 1168 domini
410 1094 517 1169 nostri
542 1094 660 1168 Karoli
684 1091 806 1187 regis,
833 1118 900 1167 nos
927 1095 1144 1170 Lantfridus
1157 1093 1196 1171 dt
1224 1093 1385 1169 Hiuorin
1409 1094 1475 1167 do-

189 1202 334 1270 namus
350 1218 463 1270 manu
477 1194 684 1291 potestativa
697 1216 762 1291 pro
778 1196 903 1271 anima
929 1197 1138 1292 Wolfleigae
1154 1196 1204 1269 ad
1222 1195 1384 1269 sensium
1394 1195 1473 1271 Na·
1745 1252 1756 1290 ,
1863 1243 1871 1264 ι
1902 1252 1918 1276 ,

191 1298 338 1373 zarium
353 1294 629 1390 martyremdcc.
658 1292 681 1389 ij
698 1294 846 1371 mansos
862 1320 952 1372 cum
976 1319 1081 1394 vaJJJ
1104 1296 1239 1392 jumal.
1256 1312 1362 1375 terrae
1385 1318 1470 1372 ara·
1526 1286 1750 1385 adema·
1794 1229 1912 1395 ‘Mis

191 1400 301 1475 turiae
322 1399 358 1471 in
380 1394 667 1493 Hepphenheimor
688 1397 946 1485 marcentes,
973 1396 1012 1473 &
1022 1398 1038 1494 j
1066 1400 1240 1499 petiolam
1256 1399 1379 1499 prati,
1406 1398 1468 1473 vel
1524 1434 1644 1532 >tm
1680 1382 1896 1546 limam„

189 1498 364 1595 quidquid
379 1496 460 1594 ipsa
484 1497 619 1573 ibidem
639 1497 777 1573 habere
795 1499 873 1575 visa
893 1498 989 1586 suit,
1015 1502 1063 1576 ad
1077 1500 1258 1597 integmm
1284 1501 1467 1577 tradimus

184 1600 225 1675 in
249 1600 319 1675 Dei
333 1600 484 1674 nomine
500 1601 763 1699 perpetualiter
787 1600 837 1675 ad
863 1600 1114 1701 possidendos,
1141 1602 1369 1703 stipulatione
1388 1602 1468 1677 sub-

183 1700 283 1776 nixa.
335 1699 477 1777 Adium
493 1702 531 1775 in
546 1700 762 1779 monasterio
789 1702 1018 1782 amanam.
1050 1703 1207 1801 Signum
1228 1703 1410 1781 Laatsridi
1427 1700 1467 1779 dt

183 1802 374 1893 Hiuomi,
402 1804 469 1904 qui
483 1802 580 1883 hanc
593 1804 835 1881 donationem
848 1804 1025 1883 feeemnt.
1076 1808 1306 1906 Homongus
1318 1802 1462 1905 scripit.

662 2004 997 2101 DCCCLXVII.

536 2200 537 2203 a
614 2130 793 2219 Donatio
820 2132 1034 2225 Liatmini.

183 2303 243 2429 In
257 2290 384 2366 mense
409 2276 597 2367 Novem'b.
613 2311 709 2364 anno
729 2312 802 2385 quo
816 2288 939 2387 supra,
964 2313 1035 2385 ego
1056 2293 1271 2368 Luitwinno
1283 2293 1382 2365 dono
1401 2310 1467 2389 pro

238 2392 380 2467 animae
392 2414 494 2467 meae
517 2389 682 2463 remedio
697 2390 747 2464 ad
761 2388 922 2465 imaum
949 2390 1150 2466 Nazaaium
1171 2390 1301 2467 Christi
1321 2404 1465 2487 marty·

91 2552 94 2557 -
179 2514 264 2571 rem
285 2490 357 2568 &n
379 2488 438 2589 jjjj
458 2489 597 2589 jornal.
628 2502 737 2567 terrae
761 2490 935 2566 araturiae
954 2491 995 2565 in
1019 2492 1293 2591 Happhenheim
1332 2512 1462 2591 perpe·

179 2593 338 2671 tualiter
359 2591 614 2693 possidendos,
639 2591 870 2693 stipulatione
889 2591 1054 2669 subnixa.
1106 2590 1244 2669 Asiam
1263 2592 1302 2669 in
1327 2614 1492 2693 monag

178 2694 290 2771 sterio
314 2696 536 2771 amasiam.
589 2692 749 2792 Signum
770 2694 974 2786 Laevini,
1008 2694 1074 2796 qui
1094 2694 1194 2775 hanc
1219 2695 1457 2775 donationem

177 2796 282 2879 fecie
334 2797 486 2879 Samuel
500 2796 651 2901 scripfit.

638 2998 991 3095 DCCCLXVffi.

404 3126 580 3219 Donatio
609 3130 832 3223 Dietnands
860 3134 901 3221 in
929 3129 1237 3251 Heppdenhcim.

180 3302 238 3432 ln
253 3288 381 3368 ostano
397 3314 495 3367 anno
508 3296 608 3387 regni
620 3296 759 3371 domini
773 3294 881 3371 nostri
902 3298 1029 3373 Karoli
1042 3300 1139 3395 regis
1152 3322 1224 3395 ego
1248 3294 1455 3374 Diemanth

237 3394 335 3471 dono
349 3394 397 3469 ad
415 3392 581 3469 fandum
607 3394 810 3467 Nazarium
822 3396 954 3469 Chnsti
966 3399 1247 3491 martyremdm.
1274 3420 1300 3469 x
1318 3395 1457 3489 jumas.

182 3493 225 3569 in
251 3494 501 3594 Hepphenheim
534 3491 574 3570 ὅ(
590 3490 621 3589 jj
649 3490 858 3593 mancipia,
891 3492 1156 3569 Udalsuindam
1181 3494 1221 3569 δι
1247 3490 1457 3567 Amaisuin-

184 3596 303 3679 dam,
327 3618 412 3692 quae
432 3594 576 3673 sibimet
601 3590 738 3692 ipsisjjj
767 3592 897 3668 diesin
918 3592 1075 3669 ebdoma
1099 3592 1300 3692 proficiant,
1312 3590 1353 3688 jjj
1380 3592 1458 3669 dies

185 3693 311 3771 sandio
326 3695 485 3770 Nazario
501 3695 682 3785 serviant,
712 3692 810 3770 adie
829 3690 1025 3792 prasenti,
1049 3692 1278 3799 stipulatione
1292 3692 1455 3772 subnixa

183 3794 323 3873 Aenum
348 3796 389 3869 in
411 3795 629 3881 monasterio
653 3796 869 3875 lauresham
893 3796 1072 3875 kalendas
1098 3796 1323 3878 Decembris.
1375 3794 1456 3897 Sig-

179 3918 275 3979 num
290 3896 453 3991 Luitoffi,
474 3898 883 3994 Ekkiradi,Luituuini.
936 3896 1146 3986 Grimarine
1161 3898 1304 3997 scripsit.

803 4033 836 4112 C
858 4058 882 4117 2
1134 4032 1399 4123 Decedam
