3959 5359
525 404 594 480 tob
728 488 732 495 ‚
950 378 1335 473 'Tanorrrouuu
1489 398 1503 403 “

520 559 1234 583 mm.-

519 613 696 635 μ

523 706 612 784 bere
630 714 755 779 teneat
783 714 896 796 atque
918 699 1116 800 poffideat,
1142 704 1288 804 suisque
1309 699 1458 803 posteris
1484 700 1532 779 ad
1552 700 1809 803 possidendum·

504 806 777 902 derelinquat,
804 800 842 878 &
858 826 1095 901 nequaquam
1108 808 1191 887 haec
1220 805 1463 895 onmmutatio
1476 806 1515 883 in
1535 806 1708 883 futurum
1726 806 1797 881 vio·

524 913 648 997 letor,
676 906 736 981 sed
756 904 858 979 omni
884 918 1051 1005 tempore
1072 909 1235 989 firma&
1257 909 1396 987 stabilis
1418 925 1638 1010 permaneat
1659 907 1799 1009 stipula·
1835 964 1837 971 ,

525 1010 627 1091 tione
640 1004 803 1085 subnixa.
859 1004 997 1085 Atium
1018 1010 1056 1087 in
1079 1014 1297 1090 monasterio
1310 1012 1533 1091 ,Laurelsam
1549 1014 1614 1091 sub
1629 1010 1689 1089 die
1709 1033 1801 1085 nona

339 1146 396 1212 23.
410 1127 488 1212 Apr.
526 1112 710 1191 kalendas
736 1106 840 1205 maj,
867 1132 963 1186 anno
985 1114 1109 1193 XXVI
1135 1115 1328 1194 Ludowici
1349 1114 1457 1211 regis.
1510 1118 1669 1215 Signum
1703 1102 1803 1209 Egil-¹

529 1215 623 1292 berti
641 1212 785 1290 abbatis
800 1209 838 1287 dt
853 1210 1065 1310 Wattonis,
1091 1217 1264 1319 quihanc
1284 1218 1616 1299 commutationem
1630 1220 1801 1299 fecerunt

527 1316 762 1407 Waltharius
781 1312 929 1416 scripslt.

1034 1500 1289 1597 lllLXXlIl.

632 1606 638 1611 G
784 1630 966 1724 Donatio
995 1630 1225 1746 Sigimandi
1252 1636 1295 1727 ia
1321 1634 1556 1728 Carlobaclr.
1643 1744 1646 1751 Ι

531 1813 635 1947 Ego
648 1799 690 1879 in
714 1798 785 1877 Dei
805 1800 955 1877 nomine
980 1798 1225 1899 Sigimundus
1244 1805 1339 1882 dono
1352 1807 1400 1884 ad
1415 1804 1578 1882 sanetum
1601 1800 1810 1883 Nazarium

611 1918 813 2001 martyrem
828 1902 900 1981 &u
924 1904 1070 2003 inpage
1097 1906 1370 2009 Wormatiensr‚
1396 1909 1437 1985 in
1464 1906 1650 1985 Carnona
1672 1926 1809 1999 marca,

383 2032 386 2037 ·
530 2007 720 2086 vineolam
736 2029 873 2094 mam,
901 2020 1089 2083 tenentem
1105 2011 1198 2087 duos
1213 2013 1406 2089 scamellos
1422 2066 1433 2102 ‚
1457 2011 1560 2110 quod
1582 2010 1677 2087 mihi
1700 2008 1810 2085 tradi-

392 2110 396 2119 ’
525 2110 590 2225 ‘dit
604 2134 719 2186 manu
738 2106 957 2210 potestativa
981 2110 1150 2189 Odolleib
1171 2139 1235 2215 pro
1250 2116 1394 2201 ,animae
1409 2112 1489 2211 ejus
1514 2114 1678 2190 remedio
1703 2112 1808 2198 dono,

382 2225 385 2232 ²
532 2215 640 2293 trado
657 2226 769 2313 atque
784 2213 1005 2291 transfundo
1022 2268 1032 2303 ,
1057 2220 1317 2318 perpetualiter
1333 2218 1382 2294 ad
1397 2217 1644 2319 pollrdendum
1665 2214 1704 2290 sti
1709 2214 1808 2313 pula-

533 2318 638 2395 tione·
660 2316 825 2396 subnixa.
878 2315 1078 2395 nnumin
1113 2321 1328 2401 monasterio
1354 2319 1567 2397 Laurellam
1594 2320 1656 2395 sub
1678 2317 1738 2393 dio
1760 2313 1809 2391 IX

533 2422 679 2501 Ostobr.
696 2446 794 2497 anno
808 2420 859 2494 111
873 2420 978 2513 regni
1001 2420 1142 2496 domini
1160 2424 1269 2497 nostri
1296 2423 1423 2496 Karoli
1439 2424 1547 2516 regis.
1571 2421 1730 2515 Signum
1755 2417 1810 2494 Si-

531 2520 730 2617 gimpndi,
755 2518 821 2616 qui
835 2517 934 2593 hanc
953 2518 1196 2593 donationem
1210 2521 1290 2595 fieri
1310 2520 1469 2614 rogavit.
1495 2520 1649 2597 Samuel
1663 2518 1808 2621 scripsit

571 2830 580 2842 ,
1070 2716 1347 2808 MLXXM

666 2892 674 2905 .
784 2840 967 2939 Duratio
995 2837 1193 2948 Barbari,
1222 2844 1421 2934 iurnalem
1449 2842 1557 2932 ullu.

585 3033 632 3109 go
659 3009 701 3091 ln
724 3010 796 3089 Dei
814 3009 965 3109 nomine
990 3009 1179 3087 Betherus
1208 3011 1306 3089 dono
1338 3013 1388 3089 ad
1410 3012 1571 3091 santium
1604 3009 1810 3091 Nazarium

402 3156 478 3225 Μ
609 3122 817 3215 martyrem
827 3114 904 3193 &o
930 3112 969 3189 in
989 3137 1086 3217 pago
1099 3116 1391 3207 Wormatiense,
1417 3118 1455 3192 in
1483 3112 1670 3197 Carlolmlr
1685 3138 1809 3193 marca

97 3275 189 3319 ,w
213 3289 297 3329 Ἥ
336 3227 462 3313 mita,
530 3219 702 3297 mansum
710 3217 725 3317 j
752 3218 792 3298 dt
809 3216 974 3317 jurnales
996 3243 1048 3295 xv
1073 3218 1185 3321 adie
1207 3219 1378 3317 praesente
1405 3220 1527 3309 dono,
1565 3221 1673 3296 trado
1699 3233 1808 3315 atque

80 3305 191 3433 2*
206 3302 295 3430 Ἕκ)
323 3340 403 3421 itt
532 3322 781 3411 transfundo,
806 3320 1067 3423 perpetualiter
1081 3319 1128 3399 ad
1142 3322 1392 3423 pollrdendum.
1406 3321 1637 3422 stipulatione
1648 3320 1809 3401 subnixa.

82 3410 144 3455 ’μ
362 3430 495 3505 aren.
531 3426 671 3506 Atium
688 3428 728 3503 in
749 3423 969 3502 monasterio
995 3424 1205 3517 Laurellam
1233 3427 1302 3505 llll
1324 3451 1442 3503 nonas
1467 3426 1691 3517 Februarii,
1717 3442 1808 3501 anno

417 3571 420 3575 ⁴
532 3531 605 3610 XV
636 3529 742 3628 regni
766 3525 962 3619 Ludowici
990 3525 1234 3628 imperatoris,
1286 3528 1444 3629 Signum
1478 3529 1722 3620 Bernhardi,
1748 3520 1817 3633 qui¹

531 3632 632 3712 hanc
646 3630 888 3713 donationem
903 3628 1153 3731 fierirogavit
1205 3632 1402 3721 Altwinus
1423 3632 1569 3733 scripsit.
1706 3716 1710 3731 Ἴ,

1817 2736 1826 2749 '

1945 2986 1946 3000 l

1945 3006 1946 3057 l

1945 3124 1946 3195 l

1945 3265 1946 3279 l

1567 4058 1759 4146 llllLXXV.
