3959 5359
499 429 514 442 ⁸
571 395 649 490 n
676 411 1066 489 NEGKERGOVIA.
1334 357 1452 514 ι525
1576 456 1578 464 ›

1100 577 1454 602 *μυ-

179 715 298 797 fundo
320 718 360 793 in
386 716 455 795 Dei
481 719 630 794 nomine
655 714 918 817 perpetualiter
942 707 990 792 ad
1016 716 1283 815 poifidendum,
1309 717 1388 808 ita,
1414 733 1457 796 ut

183 823 231 897 ab
245 822 316 898 hac
330 821 391 898 die
411 822 459 898 ad
473 821 588 921 ipsum
602 822 729 898 locum
739 817 909 920 proficiat
922 819 962 894 in
981 821 1192 916 augmentis
1205 820 1277 897 &n

644 1018 991 1114 MMDCXXIV·
1165 1039 1177 1066 ⁸
1226 1053 1229 1062 ’

428 1149 613 1261 Duratio
639 1147 847 1262 Liutfrt'di
873 1147 927 1244 ὅ
953 1145 1212 1237 Liurbrandi.

182 1330 235 1460 In
248 1319 379 1438 (Jhristi
397 1320 578 1438 nom-ines.
587 1317 651 1394 sub
664 1318 725 1394 die
738 1317 790 1434 Ill
804 1314 888 1391 idus
902 1303 1072 1409 Augusti,
1082 1338 1178 1392 anno
1194 1317 1230 1396 V
1255 1316 1382 1394 Karoli
1398 1340 1452 1392 re·
1486 1347 1537 1394 11.
1551 1327 1640 1416 Aug.

233 1445 318 1517 gis,
344 1447 414 1520 ego
446 1422 652 1500 Ltutfndus
674 1420 718 1496 dt
738 1418 992 1495 Lrutbrandus
1017 1407 1200 1500 donamus
1225 1422 1274 1496 ad
1295 1419 1455 1498 landum

65 1540 74 1564 ⁸
182 1525 384 1600 Nazarium
399 1523 521 1600 &oin
538 1521 736 1621 supradiilo
749 1545 846 1621 pago
855 1519 899 1594 in
914 1519 1005 1594 villa
1019 1518 1178 1596 Erslraim
1193 1521 1373 1620 quidquid
1385 1523 1453 1599 ha·
1575 1613 1578 1622 .

181 1627 265 1702 bere
280 1627 449 1702 videmur
461 1627 499 1701 in
519 1624 674 1714 mansis,
699 1625 834 1725 pratis,
861 1621 981 1708 silvis,
999 1623 1129 1720 aquis,
1156 1625 1346 1712 domibus,
1366 1625 1454 1701 aedi·

180 1725 293 1815 ficiis,
317 1729 442 1816 terris,
466 1728 596 1815 vineis,
622 1729 719 1804 adie
734 1725 901 1826 praesenti
914 1726 1114 1813 donamus,
1141 1728 1324 1804 tradimus
1339 1742 1452 1824 atque

180 1828 475 1924 transfundimus
489 1830 529 1900 iu
542 1828 614 1900 Dei
626 1828 777 1901 nomine
791 1826 1051 1922 perpetualiter
1061 1829 1107 1902 ad
1119 1829 1368 1926 poffidendum
1377 1829 1449 1906 &a
1507 1873 1510 1880 ·
1591 1835 1596 1842 ’

492 2085 504 2100 s
655 2019 982 2114 MMDCXXV.

587 2149 767 2243 Donatio
796 2149 1045 2260 Reginberti.

180 2332 281 2464 Ego
296 2322 336 2397 in
360 2320 430 2396 Dei
445 2319 594 2394 nomine
620 2316 868 2415 Reginbertus
883 2337 949 2416 pro
960 2316 1123 2392 remedio
1138 2320 1280 2406 ,animm
1299 2343 1394 2398 meae
1413 2319 1453 2399 δι

257 2424 388 2498 uxoris
407 2445 502 2499 meae
526 2423 693 2497 Babanae
719 2422 816 2495 dono
835 2419 884 2493 ad
906 2417 1069 2494 sanetum
1095 2419 1298 2498 Nazarium
1315 2422 1386 2498 &a
1412 2425 1453 2500 in
1609 2466 1613 2479 ι

179 2525 379 2626 supradisto
394 2543 491 2622 pago
504 2523 540 2595 in
565 2522 776 2594 Berchrimrr
790 2537 915 2596 marca
930 2519 979 2614 xjj
1000 2519 1165 2615 jurnales
1184 2523 1230 2596 de
1254 2537 1353 2599 terta
1370 2548 1452 2601 ara·
1607 2555 1612 2570 ¹

178 2630 273 2705 toria
293 2650 316 2701 a
332 2627 391 2700 die
404 2622 572 2722 praesenti
594 2624 804 2708 donamus,
831 2621 1014 2694 tradimus
1029 2635 1142 2718 atque
1161 2624 1452 2702 transfundimus
1548 2647 1563 2680 -·

178 2732 216 2806 in
243 2728 312 2804 Dei
327 2728 476 2802 nomine
501 2725 763 2823 perpetualiter
783 2722 831 2796 ad
852 2721 1098 2819 pollidendum
1118 2722 1348 2822 stipulatione
1372 2727 1452 2802 sub·

177 2831 277 2906 nixa.
330 2827 467 2904 Altum
488 2826 527 2899 in
548 2825 767 2903 monasterio
787 2823 1039 2914 Lautisham‚
1062 2823 1123 2900 die
1135 2825 1205 2902 Vll
1230 2826 1314 2904 idus
1334 2829 1452 2928 Junii‚
1483 2849 1513 2916 7·
1528 2831 1607 2912 Juu.

179 2917 275 3010 aulo
292 2931 435 3010 xxuu
456 2927 585 3003 aaron
603 2928 714 3021 regis.

636 3119 981 3244 MMDCXXVI.

606 3262 787 3357 Donatio
815 3262 1007 3370 Ernestcs.
1052 3262 1055 3268 ’

180 3455 280 3586 Ego
292 3443 332 3518 in
356 3438 427 3517 Dei
439 3433 589 3512 nomine
616 3428 743 3507 Ernest
758 3451 822 3528 pro
836 3425 1000 3502 remedio
1021 3423 1156 3504 animae
1171 3448 1265 3504 meae
1285 3428 1380 3510 dono
1404 3433 1452 3508 ad

258 3543 419 3620 fandum
445 3535 647 3616 Nazarium
662 3531 733 3608 &a
760 3531 798 3606 in
827 3528 1027 3627 supradiiio
1046 3550 1142 3624 pago
1169 3530 1206 3603 in
1236 3528 1453 3632 Weibestntcr

182 3670 332 3734 marca,
358 3643 396 3720 δι
417 3642 456 3716 in
480 3639 693 3738 Holmunsiat
713 3632 889 3730 quidquid
909 3628 1140 3728 proprietatis
1160 3630 1297 3706 ibidem
1316 3632 1452 3710 habere

180 3753 308 3830 videor
340 3743 529 3827 interris,
555 3737 749 3823 domibus,
775 3731 966 3820 aedificiis,
993 3729 1147 3821 manns,
1173 3733 1305 3832 pratis,
1334 3733 1450 3826 filvis,
1606 3760 1609 3768 ⁴

182 3853 298 3952 aquis,
317 3848 357 3926 ὅ(
372 3843 558 3942 mancipia
564 3839 633 3939 jjjj,
659 3839 741 3914 haec
759 3834 886 3910 omnia
901 3856 925 3910 a
938 3833 999 3908 die
1012 3833 1175 3931 praesenti
1197 3837 1293 3910 dono
1309 3893 1317 3920 ,
1345 3837 1451 3912 trado

94 3951 97 3957 ’
184 3971 296 4056 atque
309 3946 576 4031 transfundoin
601 3941 670 4020 Dei
688 3939 836 4119 nomipe
850 3936 1110 4036 perpetualiter
1130 3937 1179 4016 ad
1202 3935 1451 4116 Wffiffindmn

232 4125 236 4133 ,
589 4089 593 4099 ·
821 4063 932 4133 vva
1330 4065 1399 4142 pn·
