3959 5359
422 1812 427 1820 x
539 1727 682 1810 tionem
706 1728 952 1826 fierirogavit.

534 526 585 610 γε
629 489 635 495 ’
1001 502 1360 588 Tauor'rrouus

535 724 892 752 Μ

1087 812 1277 907 MXVH.

598 981 604 990 “
665 1010 670 1025 .
768 942 1209 1060 DonatioHerphwin
1238 947 1438 1063 incudem
1467 949 1576 1043 oilla.
1695 988 1705 1001 ·

344 1075 353 1093 „
382 1138 413 1187 1·
430 1116 507 1195 Jun.
539 1127 593 1260 ln
615 1108 749 1193 Christi
762 1112 911 1191 nomine
930 1112 997 1193 inb
1022 1111 1277 1193 dieiraleudas
1308 1119 1463 1220 Junias,
1491 1144 1588 1197 anno
1607 1116 1678 1200 v11
1709 1110 1806 1211 regni

592 1217 734 1295 domini
747 1216 856 1293 nostri
881 1216 1011 1292 Karoli
1028 1218 1141 1313 regis,
1167 1242 1236 1315 ego
1252 1220 1461 1319 Herphwin
1474 1224 1571 1298 dono
1586 1224 1635 1299 ad
1651 1219 1807 1297 santium

541 1316 747 1401 Nazarium
761 1332 966 1415 martyrem
979 1317 1051 1396 δίο.
1078 1320 1118 1393 iu
1145 1342 1239 1419 pago
1265 1321 1525 1401 Wormatienfi
1537 1324 1577 1398 in
1605 1326 1640 1398 T
1638 1319 1808 1436 turingus-

433 1424 441 1439 “
540 1448 616 1501 mer
630 1445 756 1498 marca
771 1423 872 1498 duos
874 1418 1065 1517 jannales,
1091 1420 1303 1503 &tercium
1319 1424 1515 1502 dimidium
1531 1427 1576 1499 de
1601 1438 1739 1500 terra..
1755 1420 1810 1495 iti·
1847 1434 1850 1449 ·

540 1524 730 1627 pulatione
749 1524 911 1600 subnixa.
963 1522 1101 1600 Attum
1125 1524 1163 1599 in
1185 1526 1402 1602 monasterio
1428 1529 1642 1603 Louresizum
1671 1525 1737 1601 sub
1756 1522 1813 1597 die

541 1628 786 1727 &.temp0re‚
812 1649 885 1725 quo
899 1625 1015 1735 supra.
1067 1626 1225 1725 Signum
1249 1629 1459 1731 Herphwin
1471 1682 1483 1722 ,
1509 1629 1575 1728 qui
1585 1627 1685 1737 hanc
1699 1626 1815 1703 dona·

1067 1828 1279 1925 uxum.

794 1957 977 2052 Donato
1006 1957 1200 2051 ouum·
1227 1963 1270 2052 a
1295 1964 1426 2054 errem
1452 1961 1561 2052 vata.
1591 1920 1636 2069 “,
1759 1996 1766 2009 ·

541 2134 596 2267 In
614 2124 749 2206 Christi
760 2128 909 2247 nomine
924 2126 990 2205 iub
1003 2127 1066 2245 die
1082 2129 1151 2247 lili
1172 2154 1289 2208 nonas
1310 2132 1456 2222 Martii,
1483 2155 1585 2208 anno·
1598 2126 1705 2209 XXV
1718 2124 1819 2227 regni

595 2232 736 2307 dommi
750 2232 859 2309 nostn
885 2229 1014 2307 Karolr
1028 2254 1144 2328 regis,
1155 2271 1158 2284 ·
1171 2258 1241 2330 ego
1259 2236 1467 2315 Odolherus
1481 2234 1575 2311 dono
1596 2230 1820 2309 adstantium

542 2331 750 2410 Nazarium
766 2348 971 2431 martyrem
985 2332 1060 2410 uc.
1085 2336 1125 2411 in
1138 2360 1234 2435 pago
1259 2335 1518 2420 Wormatienfi
1535 2336 1575 2416 in
1598 2335 1822 2410 Durinriuim

404 2449 409 2459 '
444 2436 449 2444 ’
542 2454 672 2509 marea
693 2439 879 2510 vineolam
901 2458 1040 2520 unam,
1067 2435 1105 2508 δι
1133 2461 1251 2511 unum
1266 2437 1456 2530 jurnalem
1477 2440 1522 2511 de
1543 2450 1639 2509 terra
1655 2436 1704 2509 ad
1731 2435 1822 2510 inte-

542 2554 653 2627 grum
669 2534 741 2607 occ.
794 2533 931 2608 Attum
953 2534 994 2632 in
1025 2534 1245 2606 monasterio
1276 2536 1478 2631 Laurafflm
1504 2534 1567 2605 sub
1591 2532 1709 2607 die&
1725 2546 1823 2607 tem-

541 2655 630 2734 pore
645 2654 719 2729 quo
735 2632 853 2731 supra.
906 2632 1063 2728 Signum
1080 2632 1274 2719 Odolheri,
1302 2634 1368 2732 qui
1382 2632 1479 2710 hanc
1489 2631 1728 2713 donationem
1743 2632 1823 2713 fieri

543 2732 584 2816 &
603 2733 744 2812 firmari
757 2733 911 2853 rogavit.
962 2732 1118 2809 Samuel
1134 2731 1280 2833 scripsit.

645 3063 829 3182 Donatio
860 3044 1071 3182 Voupe'rti
1083 2932 1374 3163 {ixiizihonis
1392 3063 1433 3157 in
1454 3062 1585 3151 eodem
1612 3062 1685 3151 viti
1712 3130 1724 3153 .

481 3292 492 3302 .
541 3221 644 3379 Nos
665 3238 705 3313 in
730 3237 800 3313 Dei
821 3234 971 3355 nomine
996 3232 1216 3334 Volcpertus
1243 3216 1429 3310 &Betho
1452 3232 1637 3309 donamus
1670 3232 1720 3311 ad
1746 3228 1851 3348 sam.
1950 3298 1951 3365 ἔ

628 3341 725 3417 ttum
744 3340 946 3416 Nazanum
966 3350 1170 3435 martyrem
1185 3337 1256 3419 &a
1273 3334 1345 3411 hoc
1360 3335 1411 3409 est
1425 3348 1579 3433 uterque
1595 3334 1754 3411 nostram
1768 3352 1824 3407 vi·
1950 3370 1951 3441 ᾗ

544 3466 657 3525 neam
673 3466 788 3519 unam
806 3442 845 3516 in
858 3464 953 3540 pago
980 3438 1238 3518 Wormatienfi
1255 3437 1293 3513 in
1318 3438 1537 3512 Durinchu'm
1555 3440 1599 3513 de
1608 3436 1691 3533 jure
1707 3433 1825 3509 nostro

545 3547 674 3644 injus
697 3545 736 3623 δι
762 3542 1062 3619 dominationem
1081 3542 1191 3617 santii
1228 3538 1378 3615 Nazarii
1401 3540 1606 3627 donamus,
1639 3537 1825 3614 tradimus
1950 3534 1951 3537 ’

547 3663 659 3748 atque
674 3646 972 3724 transfundimus
992 3642 1253 3743 perpetualiter
1267 3643 1315 3719 ad
1330 3640 1577 3739 poffidendum
1594 3638 1824 3741 stipulatione

546 3750 714 3829 subnixa.
766 3749 905 3839 Attum
926 3747 964 3822 in
985 3748 1068 3820 loco
1089 3748 1262 3845 publico,
1305 3744 1367 3841 qui
1394 3743 1600 3843 appellatur
1625 3739 1824 3843 Laureffam

547 3852 617 3930 sub
630 3853 708 3939 die,
735 3872 809 3947 quo
828 3850 917 3924 fecit
942 3846 1076 3922 mensis
1100 3845 1326 3947 Septembris
1343 3847 1420 3920 dies
1437 3844 1497 3935 V,
1524 3868 1620 3921 anuo
1635 3844 1706 3921 XV
1723 3840 1823 3939 regni

506 4034 509 4038 ,
549 3952 691 4031 domini
712 3949 822 4026 nostri
845 3949 988 4047 Pippini
1009 3948 1141 4044 regis·
1175 3949 1333 4043 Signum
1358 3946 1545 4026 Volcberti
1569 3945 1607 4023 &
1636 3946 1822 4032 BettoniS,

537 4121 540 4126 ,
578 4058 618 4129 ui
636 4057 735 4131 hauc
754 4050 993 4133 donationem
1014 4049 1094 4131 fieri
1113 4049 1152 4130 dc
1177 4048 1317 4131 firman
1343 4046 1825 4232 rogaveruntcwffinu

609 4154 698 4251 'put
