<?xml version="1.0" encoding="UTF-8"?>
<!DOCTYPE html PUBLIC "-//W3C//DTD XHTML 1.0 Transitional//EN"
    "http://www.w3.org/TR/xhtml1/DTD/xhtml1-transitional.dtd">
<html xmlns="http://www.w3.org/1999/xhtml" xml:lang="en" lang="en">
 <head>
  <title>
</title>
<meta http-equiv="Content-Type" content="text/html;charset=utf-8" />
  <meta name='ocr-system' content='tesseract 3.04.00' />
  <meta name='ocr-capabilities' content='ocr_page ocr_carea ocr_par ocr_line ocrx_word'/>
</head>
<body>
  <div class='ocr_page' id='page_1' title='image "./codexprincipiso00theogoog_0151.png"; bbox 0 0 3959 5359; ppageno 0'>
   <div class='ocr_carea' id='block_1_1' title="bbox 601 350 1455 451">
    <p class='ocr_par' dir='ltr' id='par_1_1' title="bbox 601 350 1455 451">
     <span class='ocr_line' id='line_1_1' title="bbox 601 350 1455 451; baseline -0.008 -19"><span class='ocrx_word' id='word_1_1' title='bbox 601 374 659 432; x_wconf 76' lang='lat' dir='ltr'>ru</span> <span class='ocrx_word' id='word_1_2' title='bbox 686 372 814 432; x_wconf 79' lang='lat' dir='ltr'>anso</span> <span class='ocrx_word' id='word_1_3' title='bbox 837 350 1082 437; x_wconf 74' lang='lat' dir='ltr'>Woaunr.</span> <span class='ocrx_word' id='word_1_4' title='bbox 1409 378 1455 451; x_wconf 80' lang='lat'>95</span> 
     </span>
    </p>
   </div>
   <div class='ocr_carea' id='block_1_2' title="bbox 37 654 1718 1374">
    <p class='ocr_par' dir='ltr' id='par_1_2' title="bbox 37 654 1718 1374">
     <span class='ocr_line' id='line_1_2' title="bbox 177 654 1718 761; baseline -0.005 -26"><span class='ocrx_word' id='word_1_5' title='bbox 177 674 274 737; x_wconf 85' lang='lat' dir='ltr'>mat.</span> <span class='ocrx_word' id='word_1_6' title='bbox 290 660 527 761; x_wconf 83' lang='lat' dir='ltr'>insuperiore</span> <span class='ocrx_word' id='word_1_7' title='bbox 549 660 589 736; x_wconf 92' lang='lat' dir='ltr'>in</span> <span class='ocrx_word' id='word_1_8' title='bbox 616 658 948 734; x_wconf 75' lang='lat' dir='ltr'>Gunteimirmarca</span> <span class='ocrx_word' id='word_1_9' title='bbox 957 654 974 753; x_wconf 86' lang='lat' dir='ltr'><strong>j</strong></span> <span class='ocrx_word' id='word_1_10' title='bbox 999 657 1139 733; x_wconf 87' lang='lat' dir='ltr'>hubam</span> <span class='ocrx_word' id='word_1_11' title='bbox 1153 654 1192 733; x_wconf 76' lang='lat' dir='ltr'>dt</span> <span class='ocrx_word' id='word_1_12' title='bbox 1212 680 1330 732; x_wconf 88' lang='lat' dir='ltr'>unum</span> <span class='ocrx_word' id='word_1_13' title='bbox 1352 678 1457 733; x_wconf 90' lang='lat' dir='ltr'>man·</span> <span class='ocrx_word' id='word_1_14' title='bbox 1576 708 1582 719; x_wconf 82' lang='lat'><em>-</em></span> <span class='ocrx_word' id='word_1_15' title='bbox 1712 714 1718 728; x_wconf 92' lang='lat'><em>.</em></span> 
     </span>
     <span class='ocr_line' id='line_1_3' title="bbox 178 756 1456 862; baseline -0.003 -25"><span class='ocrx_word' id='word_1_16' title='bbox 178 761 282 850; x_wconf 84' lang='lat' dir='ltr'>sum,</span> <span class='ocrx_word' id='word_1_17' title='bbox 309 762 348 839; x_wconf 78' lang='lat' dir='ltr'>dt</span> <span class='ocrx_word' id='word_1_18' title='bbox 364 764 541 862; x_wconf 86' lang='lat' dir='ltr'>quicquid</span> <span class='ocrx_word' id='word_1_19' title='bbox 563 762 612 839; x_wconf 87' lang='lat' dir='ltr'>ad</span> <span class='ocrx_word' id='word_1_20' title='bbox 634 760 753 860; x_wconf 87' lang='lat' dir='ltr'>ipsam</span> <span class='ocrx_word' id='word_1_21' title='bbox 771 761 905 837; x_wconf 88' lang='lat' dir='ltr'>hubam</span> <span class='ocrx_word' id='word_1_22' title='bbox 919 758 1044 857; x_wconf 84' lang='lat' dir='ltr'>aspicit</span> <span class='ocrx_word' id='word_1_23' title='bbox 1064 760 1114 847; x_wconf 84' lang='lat' dir='ltr'>ad</span> <span class='ocrx_word' id='word_1_24' title='bbox 1147 758 1334 856; x_wconf 85' lang='lat' dir='ltr'>integrum</span> <span class='ocrx_word' id='word_1_25' title='bbox 1355 782 1378 833; x_wconf 92' lang='lat' dir='ltr'>a</span> <span class='ocrx_word' id='word_1_26' title='bbox 1395 756 1456 833; x_wconf 90' lang='lat' dir='ltr'>die</span> 
     </span>
     <span class='ocr_line' id='line_1_4' title="bbox 179 860 1454 963; baseline 0 -26"><span class='ocrx_word' id='word_1_27' title='bbox 179 864 366 963; x_wconf 82' lang='lat' dir='ltr'>praesente</span> <span class='ocrx_word' id='word_1_28' title='bbox 379 867 589 953; x_wconf 81' lang='lat' dir='ltr'><strong>donamus,</strong></span> <span class='ocrx_word' id='word_1_29' title='bbox 615 864 799 941; x_wconf 78' lang='lat' dir='ltr'>tradimus</span> <span class='ocrx_word' id='word_1_30' title='bbox 820 876 928 959; x_wconf 86' lang='lat' dir='ltr'>atque</span> <span class='ocrx_word' id='word_1_31' title='bbox 948 860 1247 937; x_wconf 82' lang='lat' dir='ltr'>transfundimus</span> <span class='ocrx_word' id='word_1_32' title='bbox 1261 876 1454 961; x_wconf 86' lang='lat' dir='ltr'>perpetua·</span> 
     </span>
     <span class='ocr_line' id='line_1_5' title="bbox 180 961 1456 1066; baseline -0.002 -27"><span class='ocrx_word' id='word_1_33' title='bbox 180 964 271 1039; x_wconf 88' lang='lat' dir='ltr'>liter</span> <span class='ocrx_word' id='word_1_34' title='bbox 284 967 336 1041; x_wconf 87' lang='lat' dir='ltr'>ad</span> <span class='ocrx_word' id='word_1_35' title='bbox 368 967 612 1066; x_wconf 85' lang='lat' dir='ltr'>poffidendum</span> <span class='ocrx_word' id='word_1_36' title='bbox 635 965 860 1063; x_wconf 82' lang='lat' dir='ltr'>stipulatione</span> <span class='ocrx_word' id='word_1_37' title='bbox 882 962 1051 1039; x_wconf 85' lang='lat' dir='ltr'>subnixa.</span> <span class='ocrx_word' id='word_1_38' title='bbox 1106 961 1243 1037; x_wconf 65' lang='lat' dir='ltr'>Atium</span> <span class='ocrx_word' id='word_1_39' title='bbox 1265 964 1304 1037; x_wconf 89' lang='lat' dir='ltr'>in</span> <span class='ocrx_word' id='word_1_40' title='bbox 1326 984 1456 1055; x_wconf 81' lang='lat' dir='ltr'>mnua-</span> 
     </span>
     <span class='ocr_line' id='line_1_6' title="bbox 37 1062 1458 1165; baseline 0.001 -27"><span class='ocrx_word' id='word_1_41' title='bbox 37 1158 38 1163; x_wconf 8' lang='grc' dir='ltr'><strong><em>Ν</em></strong></span> <span class='ocrx_word' id='word_1_42' title='bbox 179 1064 290 1140; x_wconf 88' lang='lat' dir='ltr'>sterio</span> <span class='ocrx_word' id='word_1_43' title='bbox 321 1068 534 1145; x_wconf 79' lang='lat' dir='ltr'>Laureffam</span> <span class='ocrx_word' id='word_1_44' title='bbox 559 1068 624 1144; x_wconf 88' lang='lat' dir='ltr'>sub</span> <span class='ocrx_word' id='word_1_45' title='bbox 647 1068 708 1143; x_wconf 85' lang='lat' dir='ltr'>die</span> <span class='ocrx_word' id='word_1_46' title='bbox 730 1066 767 1144; x_wconf 77' lang='lat' dir='ltr'>dt</span> <span class='ocrx_word' id='word_1_47' title='bbox 793 1081 987 1165; x_wconf 83' lang='lat' dir='ltr'>tempore,</span> <span class='ocrx_word' id='word_1_48' title='bbox 1029 1088 1103 1161; x_wconf 87' lang='lat' dir='ltr'>quo</span> <span class='ocrx_word' id='word_1_49' title='bbox 1127 1062 1243 1161; x_wconf 86' lang='lat' dir='ltr'>supra.</span> <span class='ocrx_word' id='word_1_50' title='bbox 1296 1062 1458 1157; x_wconf 84' lang='lat' dir='ltr'>Signum</span> 
     </span>
     <span class='ocr_line' id='line_1_7' title="bbox 178 1162 1455 1270; baseline -0.002 -26"><span class='ocrx_word' id='word_1_51' title='bbox 178 1166 395 1270; x_wconf 75' lang='lat' dir='ltr'>Winsurich</span> <span class='ocrx_word' id='word_1_52' title='bbox 415 1172 453 1248; x_wconf 72' lang='grc' dir='ltr'>δι</span> <span class='ocrx_word' id='word_1_53' title='bbox 477 1170 699 1259; x_wconf 77' lang='lat' dir='ltr'>Lantrudae,</span> <span class='ocrx_word' id='word_1_54' title='bbox 724 1168 786 1269; x_wconf 87' lang='lat' dir='ltr'>qui</span> <span class='ocrx_word' id='word_1_55' title='bbox 809 1168 906 1245; x_wconf 83' lang='lat' dir='ltr'>hanc</span> <span class='ocrx_word' id='word_1_56' title='bbox 934 1167 1176 1245; x_wconf 87' lang='lat' dir='ltr'>donationem</span> <span class='ocrx_word' id='word_1_57' title='bbox 1200 1162 1278 1241; x_wconf 88' lang='lat' dir='ltr'>fieri</span> <span class='ocrx_word' id='word_1_58' title='bbox 1299 1187 1455 1265; x_wconf 84' lang='lat' dir='ltr'>rogave·</span> 
     </span>
     <span class='ocr_line' id='line_1_8' title="bbox 177 1270 654 1374; baseline 0.013 -27"><span class='ocrx_word' id='word_1_59' title='bbox 177 1284 281 1348; x_wconf 89' lang='lat' dir='ltr'>runt.</span> <span class='ocrx_word' id='word_1_60' title='bbox 308 1270 654 1374; x_wconf 75' lang='lat' dir='ltr'>Rudolfusscnpfit</span> 
     </span>
    </p>
   </div>
   <div class='ocr_carea' id='block_1_3' title="bbox 411 1474 1223 1737">
    <p class='ocr_par' dir='ltr' id='par_1_3' title="bbox 411 1474 1223 1737">
     <span class='ocr_line' id='line_1_9' title="bbox 698 1474 913 1569; baseline -0.014 0"><span class='ocrx_word' id='word_1_61' title='bbox 698 1474 913 1569; x_wconf 78' lang='lat' dir='ltr'>MLXlll.</span> 
     </span>
     <span class='ocr_line' id='line_1_10' title="bbox 411 1614 1223 1737; baseline -0.007 -24"><span class='ocrx_word' id='word_1_62' title='bbox 411 1615 594 1713; x_wconf 78' lang='lat' dir='ltr'>Donatio</span> <span class='ocrx_word' id='word_1_63' title='bbox 625 1622 881 1737; x_wconf 78' lang='lat' dir='ltr'>Reginhelmi</span> <span class='ocrx_word' id='word_1_64' title='bbox 909 1620 963 1723; x_wconf 63' lang='grc' dir='ltr'>θ’</span> <span class='ocrx_word' id='word_1_65' title='bbox 973 1614 1223 1715; x_wconf 68' lang='lat' dir='ltr'>&#39;Beretrichae</span> 
     </span>
    </p>
   </div>
   <div class='ocr_carea' id='block_1_4' title="bbox 118 1786 1625 2801">
    <p class='ocr_par' dir='ltr' id='par_1_4' title="bbox 118 1786 1625 2801">
     <span class='ocr_line' id='line_1_11' title="bbox 175 1786 1452 1925; baseline 0.002 -64"><span class='ocrx_word' id='word_1_66' title='bbox 175 1790 273 1925; x_wconf 81' lang='lat' dir='ltr'>Nos</span> <span class='ocrx_word' id='word_1_67' title='bbox 291 1786 332 1878; x_wconf 82' lang='lat' dir='ltr'>in</span> <span class='ocrx_word' id='word_1_68' title='bbox 356 1787 429 1865; x_wconf 90' lang='lat' dir='ltr'>Dei</span> <span class='ocrx_word' id='word_1_69' title='bbox 462 1793 614 1867; x_wconf 88' lang='lat' dir='ltr'>nomine</span> <span class='ocrx_word' id='word_1_70' title='bbox 656 1790 884 1885; x_wconf 82' lang='lat' dir='ltr'>Reginhelm</span> <span class='ocrx_word' id='word_1_71' title='bbox 914 1790 955 1867; x_wconf 82' lang='lat' dir='ltr'>dt</span> <span class='ocrx_word' id='word_1_72' title='bbox 979 1790 1172 1867; x_wconf 87' lang='lat' dir='ltr'>Beretrich</span> <span class='ocrx_word' id='word_1_73' title='bbox 1194 1809 1259 1887; x_wconf 88' lang='lat' dir='ltr'>pro</span> <span class='ocrx_word' id='word_1_74' title='bbox 1293 1786 1452 1863; x_wconf 86' lang='lat' dir='ltr'>remedio</span> 
     </span>
     <span class='ocr_line' id='line_1_12' title="bbox 118 1890 1450 1989; baseline 0.004 -27"><span class='ocrx_word' id='word_1_75' title='bbox 118 1898 125 1912; x_wconf 86' lang='lat'><strong><em>‘</em></strong></span> <span class='ocrx_word' id='word_1_76' title='bbox 257 1890 397 1965; x_wconf 76' lang='lat' dir='ltr'>animae</span> <span class='ocrx_word' id='word_1_77' title='bbox 425 1892 598 1969; x_wconf 90' lang='lat' dir='ltr'>Watonis</span> <span class='ocrx_word' id='word_1_78' title='bbox 621 1893 805 1968; x_wconf 87' lang='lat' dir='ltr'>donamus</span> <span class='ocrx_word' id='word_1_79' title='bbox 822 1893 871 1967; x_wconf 91' lang='lat' dir='ltr'>ad</span> <span class='ocrx_word' id='word_1_80' title='bbox 891 1891 1053 1967; x_wconf 75' lang='lat' dir='ltr'>faustum</span> <span class='ocrx_word' id='word_1_81' title='bbox 1079 1892 1281 1969; x_wconf 87' lang='lat' dir='ltr'>Nazarium</span> <span class='ocrx_word' id='word_1_82' title='bbox 1309 1910 1450 1989; x_wconf 86' lang='lat' dir='ltr'>marty·</span> 
     </span>
     <span class='ocr_line' id='line_1_13' title="bbox 174 1990 1452 2093; baseline 0.004 -29"><span class='ocrx_word' id='word_1_83' title='bbox 174 2010 257 2065; x_wconf 80' lang='lat' dir='ltr'>rem</span> <span class='ocrx_word' id='word_1_84' title='bbox 274 1990 348 2068; x_wconf 77' lang='lat' dir='ltr'>dte.</span> <span class='ocrx_word' id='word_1_85' title='bbox 374 2013 453 2066; x_wconf 87' lang='lat' dir='ltr'>rem</span> <span class='ocrx_word' id='word_1_86' title='bbox 466 1994 721 2092; x_wconf 84' lang='lat' dir='ltr'>proprietatis,</span> <span class='ocrx_word' id='word_1_87' title='bbox 747 2016 862 2090; x_wconf 89' lang='lat' dir='ltr'>quam</span> <span class='ocrx_word' id='word_1_88' title='bbox 874 1994 949 2093; x_wconf 84' lang='lat' dir='ltr'>ipse</span> <span class='ocrx_word' id='word_1_89' title='bbox 965 1994 1091 2072; x_wconf 88' lang='lat' dir='ltr'>Watto</span> <span class='ocrx_word' id='word_1_90' title='bbox 1105 2016 1220 2069; x_wconf 88' lang='lat' dir='ltr'>manu</span> <span class='ocrx_word' id='word_1_91' title='bbox 1235 1994 1452 2093; x_wconf 82' lang='lat' dir='ltr'>potestativa</span> 
     </span>
     <span class='ocr_line' id='line_1_14' title="bbox 144 2090 1451 2193; baseline 0.002 -27"><span class='ocrx_word' id='word_1_92' title='bbox 144 2090 149 2099; x_wconf 82' lang='lat'>&#39;</span> <span class='ocrx_word' id='word_1_93' title='bbox 173 2092 286 2166; x_wconf 91' lang='lat' dir='ltr'>nobis</span> <span class='ocrx_word' id='word_1_94' title='bbox 297 2091 478 2181; x_wconf 86' lang='lat' dir='ltr'>tradidit,</span> <span class='ocrx_word' id='word_1_95' title='bbox 503 2097 547 2169; x_wconf 72' lang='lat' dir='ltr'>u&#39;t</span> <span class='ocrx_word' id='word_1_96' title='bbox 563 2096 615 2169; x_wconf 88' lang='lat' dir='ltr'>ad</span> <span class='ocrx_word' id='word_1_97' title='bbox 628 2094 787 2170; x_wconf 71' lang='lat' dir='ltr'>[antium</span> <span class='ocrx_word' id='word_1_98' title='bbox 810 2096 1015 2171; x_wconf 87' lang='lat' dir='ltr'>Nazarium</span> <span class='ocrx_word' id='word_1_99' title='bbox 1028 2098 1278 2183; x_wconf 73' lang='lat' dir='ltr'>traderemuS,</span> <span class='ocrx_word' id='word_1_100' title='bbox 1306 2098 1344 2171; x_wconf 93' lang='lat' dir='ltr'>in</span> <span class='ocrx_word' id='word_1_101' title='bbox 1358 2118 1451 2193; x_wconf 86' lang='lat' dir='ltr'>pago</span> 
     </span>
     <span class='ocr_line' id='line_1_15' title="bbox 174 2192 1625 2293; baseline 0 -24"><span class='ocrx_word' id='word_1_102' title='bbox 174 2192 367 2269; x_wconf 83' lang='lat' dir='ltr'>Wormat.</span> <span class='ocrx_word' id='word_1_103' title='bbox 383 2193 424 2265; x_wconf 91' lang='lat' dir='ltr'>in</span> <span class='ocrx_word' id='word_1_104' title='bbox 437 2194 530 2267; x_wconf 80' lang='lat' dir='ltr'>villa</span> <span class='ocrx_word' id='word_1_105' title='bbox 555 2192 918 2293; x_wconf 23' lang='lat' dir='ltr'>Gnathonis-detorta</span> <span class='ocrx_word' id='word_1_106' title='bbox 939 2198 1066 2273; x_wconf 85' lang='lat' dir='ltr'>arabili</span> <span class='ocrx_word' id='word_1_107' title='bbox 1084 2196 1251 2293; x_wconf 84' lang='lat' dir='ltr'>jurnales</span> <span class='ocrx_word' id='word_1_108' title='bbox 1273 2194 1338 2291; x_wconf 76' lang='lat' dir='ltr'>xjjj</span> <span class='ocrx_word' id='word_1_109' title='bbox 1356 2196 1394 2271; x_wconf 84' lang='lat' dir='ltr'>dt</span> <span class='ocrx_word' id='word_1_110' title='bbox 1408 2198 1454 2271; x_wconf 79' lang='lat' dir='ltr'>de</span> <span class='ocrx_word' id='word_1_111' title='bbox 1619 2248 1625 2269; x_wconf 83' lang='grc'><strong>.</strong></span> 
     </span>
     <span class='ocr_line' id='line_1_16' title="bbox 177 2289 1456 2391; baseline 0.003 -24"><span class='ocrx_word' id='word_1_112' title='bbox 177 2290 304 2367; x_wconf 77' lang='lat' dir='ltr'>vineis</span> <span class='ocrx_word' id='word_1_113' title='bbox 312 2289 480 2385; x_wconf 88' lang='lat' dir='ltr'>jurnales</span> <span class='ocrx_word' id='word_1_114' title='bbox 500 2292 595 2367; x_wconf 86' lang='lat' dir='ltr'>duos</span> <span class='ocrx_word' id='word_1_115' title='bbox 615 2292 844 2391; x_wconf 86' lang='lat' dir='ltr'>stipulatione</span> <span class='ocrx_word' id='word_1_116' title='bbox 855 2296 1015 2375; x_wconf 83' lang='lat' dir='ltr'>subnixa.</span> <span class='ocrx_word' id='word_1_117' title='bbox 1055 2296 1204 2375; x_wconf 72' lang='lat' dir='ltr'>mann</span> <span class='ocrx_word' id='word_1_118' title='bbox 1218 2298 1255 2371; x_wconf 90' lang='lat' dir='ltr'>in</span> <span class='ocrx_word' id='word_1_119' title='bbox 1276 2294 1456 2371; x_wconf 86' lang='lat' dir='ltr'>monaste·</span> 
     </span>
     <span class='ocr_line' id='line_1_17' title="bbox 173 2382 1610 2495; baseline 0.004 -30"><span class='ocrx_word' id='word_1_120' title='bbox 173 2392 232 2465; x_wconf 90' lang='lat' dir='ltr'>rio</span> <span class='ocrx_word' id='word_1_121' title='bbox 245 2389 524 2467; x_wconf 76' lang='lat' dir='ltr'>Lauriffamenfi</span> <span class='ocrx_word' id='word_1_122' title='bbox 543 2392 610 2467; x_wconf 88' lang='lat' dir='ltr'>sub</span> <span class='ocrx_word' id='word_1_123' title='bbox 623 2393 684 2467; x_wconf 88' lang='lat' dir='ltr'>die</span> <span class='ocrx_word' id='word_1_124' title='bbox 696 2392 749 2470; x_wconf 82' lang='grc' dir='ltr'>ΠΙ</span> <span class='ocrx_word' id='word_1_125' title='bbox 761 2420 883 2481; x_wconf 77' lang='lat' dir='ltr'>nonas</span> <span class='ocrx_word' id='word_1_126' title='bbox 893 2398 998 2495; x_wconf 85' lang='lat' dir='ltr'>Maji,</span> <span class='ocrx_word' id='word_1_127' title='bbox 1024 2424 1124 2475; x_wconf 88' lang='lat' dir='ltr'>anno</span> <span class='ocrx_word' id='word_1_128' title='bbox 1139 2398 1244 2475; x_wconf 87' lang='lat' dir='ltr'>XXX</span> <span class='ocrx_word' id='word_1_129' title='bbox 1260 2398 1452 2475; x_wconf 86' lang='lat' dir='ltr'>Ludowici</span> <span class='ocrx_word' id='word_1_130' title='bbox 1487 2382 1610 2471; x_wconf 61' lang='lat' dir='ltr'>iffi]-</span> 
     </span>
     <span class='ocr_line' id='line_1_18' title="bbox 137 2491 1448 2591; baseline 0.008 -26"><span class='ocrx_word' id='word_1_131' title='bbox 137 2512 142 2518; x_wconf 90' lang='grc'><em>·</em></span> <span class='ocrx_word' id='word_1_132' title='bbox 170 2493 281 2587; x_wconf 82' lang='lat' dir='ltr'>regis.</span> <span class='ocrx_word' id='word_1_133' title='bbox 333 2491 492 2589; x_wconf 86' lang='lat' dir='ltr'>Signum</span> <span class='ocrx_word' id='word_1_134' title='bbox 516 2494 729 2581; x_wconf 70' lang='lat' dir='ltr'>WattoniS‚</span> <span class='ocrx_word' id='word_1_135' title='bbox 754 2498 819 2591; x_wconf 88' lang='lat' dir='ltr'>qui</span> <span class='ocrx_word' id='word_1_136' title='bbox 842 2496 942 2575; x_wconf 88' lang='lat' dir='ltr'>hanc</span> <span class='ocrx_word' id='word_1_137' title='bbox 972 2500 1208 2576; x_wconf 86' lang='lat' dir='ltr'>donationem</span> <span class='ocrx_word' id='word_1_138' title='bbox 1230 2496 1307 2575; x_wconf 82' lang='lat' dir='ltr'>fieri</span> <span class='ocrx_word' id='word_1_139' title='bbox 1335 2498 1448 2577; x_wconf 84' lang='lat' dir='ltr'>&amp;fir-</span> 
     </span>
     <span class='ocr_line' id='line_1_19' title="bbox 169 2594 1609 2705; baseline 0.01 -36"><span class='ocrx_word' id='word_1_140' title='bbox 169 2594 266 2669; x_wconf 82' lang='lat' dir='ltr'>mari</span> <span class='ocrx_word' id='word_1_141' title='bbox 296 2594 465 2691; x_wconf 85' lang='lat' dir='ltr'>rogavit,</span> <span class='ocrx_word' id='word_1_142' title='bbox 491 2594 645 2701; x_wconf 22' lang='lat' dir='ltr'>‘signum</span> <span class='ocrx_word' id='word_1_143' title='bbox 670 2596 938 2694; x_wconf 82' lang='lat' dir='ltr'>Reginheimi,</span> <span class='ocrx_word' id='word_1_144' title='bbox 968 2602 1112 2703; x_wconf 84' lang='lat' dir='ltr'>iignum</span> <span class='ocrx_word' id='word_1_145' title='bbox 1137 2602 1307 2703; x_wconf 84' lang='lat' dir='ltr'>Aibgeri.</span> <span class='ocrx_word' id='word_1_146' title='bbox 1362 2602 1445 2705; x_wconf 76' lang='lat' dir='ltr'>Ego</span> <span class='ocrx_word' id='word_1_147' title='bbox 1599 2667 1609 2683; x_wconf 93' lang='lat'><strong>.</strong></span> 
     </span>
     <span class='ocr_line' id='line_1_20' title="bbox 169 2695 726 2801; baseline -0.007 -21"><span class='ocrx_word' id='word_1_148' title='bbox 169 2695 376 2780; x_wconf 84' lang='lat' dir='ltr'>Waltarius</span> <span class='ocrx_word' id='word_1_149' title='bbox 390 2697 566 2779; x_wconf 85' lang='lat' dir='ltr'>diaconus</span> <span class='ocrx_word' id='word_1_150' title='bbox 590 2697 726 2801; x_wconf 75' lang='lat' dir='ltr'>scripfi.</span> 
     </span>
    </p>
   </div>
   <div class='ocr_carea' id='block_1_5' title="bbox 311 2902 1184 3165">
    <p class='ocr_par' dir='ltr' id='par_1_5' title="bbox 311 2902 1184 3165">
     <span class='ocr_line' id='line_1_21' title="bbox 393 2902 931 3015; baseline 0.024 -24"><span class='ocrx_word' id='word_1_151' title='bbox 393 3008 398 3015; x_wconf 20' lang='grc' dir='ltr'>ι</span> <span class='ocrx_word' id='word_1_152' title='bbox 698 2902 931 3002; x_wconf 56' lang='lat' dir='ltr'>MLXle</span> 
     </span>
     <span class='ocr_line' id='line_1_22' title="bbox 311 3018 1184 3165; baseline 0.018 -56"><span class='ocrx_word' id='word_1_153' title='bbox 311 3120 316 3127; x_wconf 14' lang='lat' dir='ltr'>p</span> <span class='ocrx_word' id='word_1_154' title='bbox 429 3018 607 3113; x_wconf 78' lang='lat' dir='ltr'>Donata&#39;o</span> <span class='ocrx_word' id='word_1_155' title='bbox 634 3026 853 3155; x_wconf 75' lang='lat' dir='ltr'>Hermdrat</span> <span class='ocrx_word' id='word_1_156' title='bbox 873 3036 936 3165; x_wconf 15' lang='lat' dir='ltr'>U&amp;</span> <span class='ocrx_word' id='word_1_157' title='bbox 964 3026 1184 3125; x_wconf 70' lang='lat' dir='ltr'>Heinrich.</span> 
     </span>
    </p>
   </div>
   <div class='ocr_carea' id='block_1_6' title="bbox 167 3180 1444 3497">
    <p class='ocr_par' dir='ltr' id='par_1_6' title="bbox 167 3180 1444 3497">
     <span class='ocr_line' id='line_1_23' title="bbox 167 3180 1441 3323; baseline 0.022 -67"><span class='ocrx_word' id='word_1_158' title='bbox 167 3191 283 3323; x_wconf 84' lang='lat' dir='ltr'>Nos·</span> <span class='ocrx_word' id='word_1_159' title='bbox 292 3181 331 3258; x_wconf 90' lang='lat' dir='ltr'>in</span> <span class='ocrx_word' id='word_1_160' title='bbox 357 3180 431 3302; x_wconf 77' lang='lat' dir='ltr'>Dei</span> <span class='ocrx_word' id='word_1_161' title='bbox 453 3188 597 3264; x_wconf 83' lang='lat' dir='ltr'>nomine</span> <span class='ocrx_word' id='word_1_162' title='bbox 617 3192 848 3317; x_wconf 66' lang='lat' dir='ltr'>Hennbratir</span> <span class='ocrx_word' id='word_1_163' title='bbox 868 3196 908 3277; x_wconf 78' lang='lat' dir='ltr'>dt</span> <span class='ocrx_word' id='word_1_164' title='bbox 932 3198 1128 3277; x_wconf 86' lang='lat' dir='ltr'>Heimrich</span> <span class='ocrx_word' id='word_1_165' title='bbox 1148 3200 1186 3278; x_wconf 74' lang='lat' dir='ltr'>dt</span> <span class='ocrx_word' id='word_1_166' title='bbox 1206 3200 1304 3279; x_wconf 86' lang='lat' dir='ltr'>soror</span> <span class='ocrx_word' id='word_1_167' title='bbox 1324 3196 1441 3283; x_wconf 80' lang='lat' dir='ltr'>nostra</span> 
     </span>
     <span class='ocr_line' id='line_1_24' title="bbox 253 3283 1443 3385; baseline 0.015 -25"><span class='ocrx_word' id='word_1_168' title='bbox 253 3283 498 3375; x_wconf 71' lang='lat' dir='ltr'>Emanium,</span> <span class='ocrx_word' id='word_1_169' title='bbox 523 3310 590 3385; x_wconf 89' lang='lat' dir='ltr'>pro</span> <span class='ocrx_word' id='word_1_170' title='bbox 603 3296 763 3368; x_wconf 71' lang='lat' dir='ltr'>remedio</span> <span class='ocrx_word' id='word_1_171' title='bbox 787 3322 927 3374; x_wconf 81' lang='lat' dir='ltr'>ammae</span> <span class='ocrx_word' id='word_1_172' title='bbox 948 3304 1077 3379; x_wconf 76' lang='lat' dir='ltr'>nostrae</span> <span class='ocrx_word' id='word_1_173' title='bbox 1097 3302 1281 3379; x_wconf 88' lang='lat' dir='ltr'>donamus</span> <span class='ocrx_word' id='word_1_174' title='bbox 1296 3306 1344 3377; x_wconf 91' lang='lat' dir='ltr'>ad</span> <span class='ocrx_word' id='word_1_175' title='bbox 1365 3304 1383 3377; x_wconf 88' lang='lat' dir='ltr'>s</span> <span class='ocrx_word' id='word_1_176' title='bbox 1426 3344 1443 3365; x_wconf 61' lang='grc' dir='ltr'>ι</span> 
     </span>
     <span class='ocr_line' id='line_1_25' title="bbox 170 3386 1444 3497; baseline 0.016 -35"><span class='ocrx_word' id='word_1_177' title='bbox 170 3386 270 3463; x_wconf 74' lang='lat' dir='ltr'>stum</span> <span class='ocrx_word' id='word_1_178' title='bbox 287 3388 490 3466; x_wconf 88' lang='lat' dir='ltr'>Nazarium</span> <span class='ocrx_word' id='word_1_179' title='bbox 504 3404 711 3485; x_wconf 86' lang='lat' dir='ltr'>martyrem</span> <span class='ocrx_word' id='word_1_180' title='bbox 719 3394 790 3470; x_wconf 79' lang='lat' dir='ltr'>dte.</span> <span class='ocrx_word' id='word_1_181' title='bbox 815 3418 898 3469; x_wconf 86' lang='lat' dir='ltr'>rem</span> <span class='ocrx_word' id='word_1_182' title='bbox 912 3402 1068 3475; x_wconf 86' lang='lat' dir='ltr'>nostram</span> <span class='ocrx_word' id='word_1_183' title='bbox 1088 3403 1127 3473; x_wconf 92' lang='lat' dir='ltr'>in</span> <span class='ocrx_word' id='word_1_184' title='bbox 1143 3424 1234 3497; x_wconf 76' lang='lat' dir='ltr'>pugn</span> <span class='ocrx_word' id='word_1_185' title='bbox 1258 3404 1444 3481; x_wconf 84' lang='lat' dir='ltr'>wormat.</span> 
     </span>
    </p>
   </div>
   <div class='ocr_carea' id='block_1_7' title="bbox 77 3480 1875 4099">
    <p class='ocr_par' dir='ltr' id='par_1_7' title="bbox 154 3480 1875 4003">
     <span class='ocr_line' id='line_1_26' title="bbox 168 3480 1805 3625; baseline 0.016 -63"><span class='ocrx_word' id='word_1_186' title='bbox 168 3490 209 3563; x_wconf 93' lang='lat' dir='ltr'>in</span> <span class='ocrx_word' id='word_1_187' title='bbox 237 3489 421 3563; x_wconf 76' lang='lat' dir='ltr'>Guntheim</span> <span class='ocrx_word' id='word_1_188' title='bbox 447 3512 606 3578; x_wconf 89' lang='lat' dir='ltr'>marca,</span> <span class='ocrx_word' id='word_1_189' title='bbox 632 3489 672 3566; x_wconf 79' lang='lat' dir='ltr'>dt</span> <span class='ocrx_word' id='word_1_190' title='bbox 688 3490 736 3567; x_wconf 88' lang='lat' dir='ltr'>in·</span> <span class='ocrx_word' id='word_1_191' title='bbox 752 3490 1043 3584; x_wconf 63' lang='lat' dir='ltr'>Remmiam,</span> <span class='ocrx_word' id='word_1_192' title='bbox 1070 3518 1187 3573; x_wconf 87' lang='lat' dir='ltr'>unum</span> <span class='ocrx_word' id='word_1_193' title='bbox 1209 3502 1379 3579; x_wconf 85' lang='lat' dir='ltr'>mansum</span> <span class='ocrx_word' id='word_1_194' title='bbox 1406 3504 1445 3583; x_wconf 75' lang='lat' dir='ltr'>dt</span> <span class='ocrx_word' id='word_1_195' title='bbox 1518 3480 1805 3625; x_wconf 45' lang='lat' dir='ltr'>mamam</span> 
     </span>
     <span class='ocr_line' id='line_1_27' title="bbox 169 3586 1875 3731; baseline 0.018 -69"><span class='ocrx_word' id='word_1_196' title='bbox 169 3586 401 3682; x_wconf 78' lang='lat' dir='ltr'>xxjurnales</span> <span class='ocrx_word' id='word_1_197' title='bbox 413 3592 459 3667; x_wconf 80' lang='lat' dir='ltr'>de</span> <span class='ocrx_word' id='word_1_198' title='bbox 482 3608 583 3692; x_wconf 85' lang='lat' dir='ltr'>terra</span> <span class='ocrx_word' id='word_1_199' title='bbox 604 3595 789 3684; x_wconf 86' lang='lat' dir='ltr'>aratoria,</span> <span class='ocrx_word' id='word_1_200' title='bbox 816 3594 859 3673; x_wconf 67' lang='grc' dir='ltr'>ἃ</span> <span class='ocrx_word' id='word_1_201' title='bbox 874 3594 1001 3673; x_wconf 86' lang='lat' dir='ltr'>vineas</span> <span class='ocrx_word' id='word_1_202' title='bbox 1017 3600 1065 3673; x_wconf 91' lang='lat' dir='ltr'>ad</span> <span class='ocrx_word' id='word_1_203' title='bbox 1078 3614 1235 3695; x_wconf 87' lang='lat' dir='ltr'>quatuor</span> <span class='ocrx_word' id='word_1_204' title='bbox 1254 3608 1444 3699; x_wconf 85' lang='lat' dir='ltr'>carradas,</span> <span class='ocrx_word' id='word_1_205' title='bbox 1612 3622 1875 3731; x_wconf 51' lang='lat' dir='ltr'><em>W</em></span> 
     </span>
     <span class='ocr_line' id='line_1_28' title="bbox 168 3661 1601 3813; baseline 0.01 -48"><span class='ocrx_word' id='word_1_206' title='bbox 168 3686 208 3765; x_wconf 81' lang='lat' dir='ltr'>dt</span> <span class='ocrx_word' id='word_1_207' title='bbox 223 3691 410 3789; x_wconf 88' lang='lat' dir='ltr'>mancipia</span> <span class='ocrx_word' id='word_1_208' title='bbox 424 3708 586 3789; x_wconf 88' lang='lat' dir='ltr'>quatuor</span> <span class='ocrx_word' id='word_1_209' title='bbox 597 3694 659 3769; x_wconf 86' lang='lat' dir='ltr'>his</span> <span class='ocrx_word' id='word_1_210' title='bbox 671 3700 884 3775; x_wconf 83' lang='lat' dir='ltr'>nominibus</span> <span class='ocrx_word' id='word_1_211' title='bbox 898 3752 909 3786; x_wconf 93' lang='lat'>,</span> <span class='ocrx_word' id='word_1_212' title='bbox 934 3700 1199 3792; x_wconf 81' lang='lat' dir='ltr'>Wintroifum,</span> <span class='ocrx_word' id='word_1_213' title='bbox 1225 3705 1264 3785; x_wconf 76' lang='lat' dir='ltr'>dc</span> <span class='ocrx_word' id='word_1_214' title='bbox 1280 3706 1444 3785; x_wconf 85' lang='lat' dir='ltr'>Nanthe·</span> <span class='ocrx_word' id='word_1_215' title='bbox 1485 3661 1564 3779; x_wconf 60' lang='lat' dir='ltr'>io(</span> <span class='ocrx_word' id='word_1_216' title='bbox 1588 3684 1601 3813; x_wconf 67' lang='grc' dir='ltr'>Ι</span> 
     </span>
     <span class='ocr_line' id='line_1_29' title="bbox 154 3790 1444 3908; baseline 0.019 -44"><span class='ocrx_word' id='word_1_217' title='bbox 154 3810 273 3908; x_wconf 68' lang='lat'><strong>-¹¹.¹¹¹¹’</strong></span> <span class='ocrx_word' id='word_1_218' title='bbox 297 3790 486 3893; x_wconf 83' lang='lat' dir='ltr'>Manliub,</span> <span class='ocrx_word' id='word_1_219' title='bbox 512 3794 774 3878; x_wconf 84' lang='lat' dir='ltr'>Adaihardum</span> <span class='ocrx_word' id='word_1_220' title='bbox 808 3799 931 3877; x_wconf 86' lang='lat' dir='ltr'>filium</span> <span class='ocrx_word' id='word_1_221' title='bbox 956 3802 1063 3900; x_wconf 81' lang='lat' dir='ltr'>ejus,</span> <span class='ocrx_word' id='word_1_222' title='bbox 1100 3802 1330 3905; x_wconf 86' lang='lat' dir='ltr'>stipulatione</span> <span class='ocrx_word' id='word_1_223' title='bbox 1362 3808 1444 3888; x_wconf 89' lang='lat' dir='ltr'>sub·</span> 
     </span>
     <span class='ocr_line' id='line_1_30' title="bbox 166 3892 1441 4003; baseline 0.014 -28"><span class='ocrx_word' id='word_1_224' title='bbox 166 3914 265 3976; x_wconf 68' lang='lat' dir='ltr'><em>w</em></span> <span class='ocrx_word' id='word_1_225' title='bbox 315 3892 508 3984; x_wconf 73' lang='lat' dir='ltr'>nnumin</span> <span class='ocrx_word' id='word_1_226' title='bbox 525 3898 745 3986; x_wconf 75' lang='lat' dir='ltr'>monastuto</span> <span class='ocrx_word' id='word_1_227' title='bbox 766 3899 1064 4003; x_wconf 77' lang='lat' dir='ltr'>Lauridmenfi,</span> <span class='ocrx_word' id='word_1_228' title='bbox 1089 3906 1227 3995; x_wconf 78' lang='lat' dir='ltr'>subde</span> <span class='ocrx_word' id='word_1_229' title='bbox 1245 3936 1345 3991; x_wconf 84' lang='lat' dir='ltr'>nona</span> <span class='ocrx_word' id='word_1_230' title='bbox 1375 3912 1441 3993; x_wconf 87' lang='lat' dir='ltr'>ka·</span> 
     </span>
    </p>

    <p class='ocr_par' dir='ltr' id='par_1_8' title="bbox 77 4016 1390 4099">
     <span class='ocr_line' id='line_1_31' title="bbox 77 4016 1390 4099; baseline 0.021 -26"><span class='ocrx_word' id='word_1_231' title='bbox 77 4062 82 4073; x_wconf 92' lang='lat'>.</span> <span class='ocrx_word' id='word_1_232' title='bbox 153 4034 156 4039; x_wconf 28' lang='lat'>⁸</span> <span class='ocrx_word' id='word_1_233' title='bbox 502 4048 507 4057; x_wconf 88' lang='lat'><strong>·</strong></span> <span class='ocrx_word' id='word_1_234' title='bbox 1086 4074 1089 4081; x_wconf 85' lang='lat'>.</span> <span class='ocrx_word' id='word_1_235' title='bbox 1258 4016 1390 4099; x_wconf 75' lang='lat' dir='ltr'>lendan</span> 
     </span>
    </p>
   </div>
   <div class='ocr_carea' id='block_1_8' title="bbox 0 0 1984 5359">
    <p class='ocr_par' dir='ltr' id='par_1_9' title="bbox 0 0 1984 5359">
     <span class='ocr_line' id='line_1_32' title="bbox 0 0 1984 5359; baseline 0 7"><span class='ocrx_word' id='word_1_236' title='bbox 0 0 1984 5359; x_wconf 95' lang='lat' dir='ltr'> </span> 
     </span>
    </p>
   </div>
  </div>
 </body>
</html>
