3959 5359
489 486 547 544 ire
573 483 696 542 areo
722 461 1150 557 errrmrrma.
1184 523 1188 528 .
1238 453 1243 461 ’
1379 485 1453 562 595

595 762 1050 856 MMDCCCLXXHI.

212 894 394 991 Donatio
421 895 630 994 Erinberti
658 896 700 985 in
717 883 1142 1012 firpradiffamrca,
1170 890 1224 989 fii
1252 889 1295 977 in
1324 886 1433 982 Ruri«

472 1085 474 1090 ,
681 1009 946 1097 winnsburm.

183 1184 287 1313 Ego
300 1175 340 1252 in
365 1177 434 1255 Dei
445 1179 594 1256 nomine
618 1175 838 1254 Erinbertus
848 1195 915 1276 pro
931 1174 1096 1261 remedio
1109 1171 1244 1270 aniniae
1256 1191 1351 1247 meae
1363 1167 1461 1245 dono

264 1278 312 1353 ad
324 1277 485 1356 sancium
500 1281 535 1357 N
538 1281 708 1356 azarium
721 1275 791 1355 διο.
818 1277 857 1352 in
871 1276 1069 1378 supradiita
1084 1296 1228 1362 marca,
1253 1269 1342 1384 &in
1360 1269 1462 1344 Rad-

187 1376 383 1456 winsbum
405 1379 459 1478 jjjj
488 1382 635 1459 mansos
657 1403 746 1456 cum
772 1379 937 1459 aedificiis
957 1375 1211 1478 superpositis,
1236 1371 1463 1486 &jurnales

184 1502 263 1557 xiv
276 1480 315 1557 ἃ
330 1485 516 1583 mancipia
525 1483 553 1580 jj
569 1483 800 1584 stipulatione
813 1480 977 1558 subnixa.
1031 1479 1170 1557 Astum
1182 1477 1223 1553 in
1242 1471 1462 1549 monasterio

182 1581 426 1676 Laurisham,
452 1585 513 1662 die
527 1587 562 1664 ΙΙ
579 1585 761 1664 kalendas
778 1581 903 1680 Junii,
930 1605 1028 1659 anno
1047 1579 1155 1658 XXII
1181 1573 1463 1658 Ludowiciim-
1486 1616 1551 1689 31,
1573 1599 1647 1688 Mal.
1775 1631 1778 1637 -

183 1685 373 1781 ”m
588 1777 1033 1871 Mimoccimv

603 1903 784 1994 Donatio
810 1905 1042 1997 Erkeavric.

188 2083 291 2211 Ego
306 2073 344 2152 in
369 2072 440 2149 Dei
460 2069 610 2148 nornine
636 2069 837 2149 Erkenvrit
851 2090 925 2169 =pro
945 2070 1110 2147 remedio
1141 2069 1279 2173 anirnae
1293 2073 1391 2148 dono
1416 2074 1465 2150 ad

270 2175 432 2253 sauiium
463 2173 667 2252 Nazarium
687 2172 759 2254 διο.
785 2173 824 2248 in
841 2195 936 2272 pago
966 2169 1236 2265 anmheiba
1262 2174 1301 2251 in
1327 2175 1465 2250 Hmin-

186 2275 326 2350 ciuimer
349 2298 502 2362 marca,
534 2275 706 2352 mansum
726 2296 844 2350 unum
864 2275 1131 2373 perpetualiter
1144 2273 1192 2348 ad
1217 2275 1465 2374 possidendum

185 2376 415 2475 stipulatione
440 2375 604 2453 subnixa.
655 2372 794 2452 Astum
813 2376 855 2450 in
880 2374 1099 2451 monasterio
1124 2376 1373 2470 Laurisham,
1398 2375 1464 2455 sub
1498 2416 1505 2424 ·

183 2479 246 2558 die
260 2478 295 2559 V
308 2479 392 2559 idus
411 2478 593 2568 Ostobris,
618 2501 717 2554 anno
730 2475 893 2555 XXXIII
904 2476 1010 2572 regni
1035 2477 1164 2556 Karoii
1176 2479 1286 2578 regis.
1510 2500 1564 2554 11.
1577 2483 1650 2557 0&

519 2797 525 2804 ,
612 2628 1082 2775 MMDCCCLXXil.·

633 2803 817 2894 Donatio
844 2805 1016 2895 Hemolt.

180 2983 241 3109 ln
261 2970 393 3047 Christi
414 2969 591 3054 nomine,
618 2963 685 3039 sub
707 2967 767 3039 die
791 2966 864 3041 Vll
889 2971 978 3040 idus
1003 2970 1250 3059 Novembris,
1278 2994 1377 3048 anne
1396 2971 1468 3053 VII
1499 2994 1531 3065 7.
1547 2977 1627 3049 Νον.

242 3070 367 3143 Karoli
381 3069 505 3162 regis,
529 3089 600 3161 ego
622 3065 778 3140 Hemolt
798 3064 896 3140 dono
913 3066 962 3141 ad
986 3065 1148 3160 sanetum
1175 3070 1379 3146 Nazarium
1391 3075 1466 3152 &a

79 3161 82 3168 ’
191 3169 230 3244 in
245 3167 445 3265 supradista
469 3165 729 3239 Hatrinciuimar
749 3186 875 3241 marca
894 3164 1061 3262 jurnales
1077 3166 1115 3262 vj
1137 3168 1183 3241 de
1205 3184 1302 3245 terra
1334 3174 1466 3250 arabili
1624 3172 1628 3185 “

194 3270 315 3357 dono,
340 3268 446 3345 trado
461 3279 575 3363 atque
601 3265 845 3354 transfundo,
871 3266 952 3352 ita,
978 3265 1023 3343 u't
1040 3268 1086 3343 ab
1107 3268 1180 3341 hac
1205 3269 1265 3343 die
1283 3274 1331 3347 ad
1348 3275 1466 3374 ipsum

193 3374 318 3448 locum
339 3371 469 3550 glad
492 3375 648 3468 agentes
670 3365 782 3469 ipsius
807 3369 909 3445 omni
930 3380 1095 3472 tempore
1120 3367 1289 3470 proficiat
1309 3375 1347 3450 in
1373 3395 1466 3469 aug·

195 3475 330 3555 mentis
384 3497 416 3549 c.
897 3510 900 3516 ·

394 3631 405 3644 α
544 3585 1002 3680 MMDCCCLXXVI.
1257 3677 1262 3686 .

296 3717 478 3813 Donatio
506 3716 689 3812 Gerhart
716 3718 769 3815 &i
797 3716 981 3832 conjugis
1007 3718 1094 3832 ejas
1119 3713 1361 3834 Bleonsuint.
1511 3814 1514 3821 ,

198 3898 249 4028 ln
266 3886 401 3965 Christi
421 3885 593 3974 nomine,
621 3884 686 3962 sub
711 3884 772 3960 die
796 3884 833 3962 V
853 3883 937 3959 idus
969 3882 1165 3973 oaobris,
1189 3907 1288 3962 anno
1308 3856 1468 3967 xxxin
1496 3925 1549 3980 11.
1559 3905 1631 3994 ost,

248 3991 352 4090 regni
365 3989 495 4070 Karoli
505 3988 630 4087 regis,
655 4010 725 4086 ego
736 3983 914 4170 {gerim
929 3983 968 4064 ἂ
989 3981 1124 4083 conjux
1145 4007 1230 4068 mea
1253 3989 1470 4176 Bigonsuint

760 4157 765 4164 .
875 4112 898 4170 2
1007 4123 1011 4128 ¹
1330 4117 1417 4176 ona·
1489 4157 1499 4170 ,
