3959 5359
574 443 633 501 ιιι
659 441 787 499 euno
809 421 1054 505 Wuuuur.
1363 434 1443 519 105

163 726 317 825 quidex
335 754 381 805 eo
399 727 522 805 faeere
534 728 752 816 volueritis,
775 729 929 804 liberum
941 724 1112 803 habeatis
1132 726 1355 814 arbitrium,
1381 723 1444 801 sti·

162 832 357 929 puiatione
372 832 541 908 subuxa.
595 830 733 908 Attum
747 828 788 905 in
801 830 1009 905 monasterio
1037 828 1345 917 Lauteiiamensr,
1374 826 1441 903 sub

164 933 227 1006 die
242 932 282 1009 &
295 950 465 1038 tempore
479 958 554 1031 quo
575 932 692 1034 supra.
717 932 871 1029 Signum
892 932 1098 1022 wolfonis,
1124 932 1187 1029 qui
1205 932 1304 1008 hanc
1326 932 1443 1009 dona-

166 1033 314 1113 tionem
329 1038 410 1117 fieri
423 1036 578 1134 rogavit.
627 1037 780 1114 Samuel
795 1033 938 1135 scripsit.
1471 1090 1477 1099 .

646 1232 952 1327 MLXXXIV.

332 1359 513 1451 Donatio
535 1363 719 1455 Heinrici
731 1426 744 1466 ,
783 1356 1112 1455 Munzeniuimer
1135 1384 1284 1447 marcu.

161 1536 272 1667 Ego
299 1525 338 1603 in
363 1529 434 1606 Dei
458 1532 602 1608 neruiue
626 1530 811 1609 Heinrich
845 1532 943 1607 dono
970 1528 1020 1605 ad
1050 1524 1211 1603 santium
1244 1522 1446 1607 NazarIum

244 1630 452 1728 martyrem
471 1633 542 1711 &u
563 1656 649 1722 ,rem
664 1658 792 1711 meam
808 1635 847 1709 in
872 1646 969 1734 pago
995 1626 1255 1710 Wormatiensr
1268 1628 1306 1703 in
1332 1630 1446 1703 Mun·

161 1734 320 1806 zaniuim
332 1756 493 1825 marca,
519 1738 697 1835 quicquid
717 1736 758 1812 in
791 1736 869 1836 ipsa
883 1736 1020 1811 habere
1040 1732 1141 1809 visus
1160 1730 1266 1819 sum,
1291 1742 1448 1829 excepta
1534 1728 1538 1735 ’

162 1858 240 1911 una
255 1835 390 1925 vinea,
415 1836 457 1914 δι
470 1838 626 1915 dimidio
636 1838 804 1936 jurnali,
831 1838 928 1915 adiu
946 1832 1114 1947 praesenti
1130 1832 1244 1919 dono,
1257 1832 1364 1907 trado
1389 1846 1446 1908 at·

162 1957 240 2034 que
255 1938 498 2027 transfundo,
523 1939 598 2030 ita,
622 1954 669 2017 ut
682 1941 731 2017 ab
744 1940 817 2016 hac
837 1939 897 2015 die
910 1936 1080 2014 habeatis
1088 1956 1171 2031 Jure
1191 1934 1367 2023 habendi,
1382 1936 1446 2009 do·

161 2040 307 2126 nandi,
331 2040 613 2129 commutandi,
639 2040 870 2140 stipulatione
889 2039 1056 2116 subnirta.
1109 2034 1244 2111 Attum
1265 2036 1305 2111 in
1319 2060 1446 2120 mona·

164 2138 276 2217 sterio
302 2140 583 2219 Luuriffamensr
599 2140 665 2217 sub
678 2144 737 2217 die
750 2142 786 2221 V
799 2142 981 2221 kalendas
1006 2137 1187 2225 ononis,
1213 2138 1356 2213 annui(
1373 2140 1447 2213 Ita·
1476 2128 1629 2221 *Stri-

169 2241 369 2333 totiugis,
411 2241 581 2352 'Siarum
610 2241 801 2330 Heinrici‚
826 2245 891 2341 qui
912 2245 1013 2319 hane
1033 2240 1274 2357 donationem
1297 2238 1378 2313 fieri
1395 2260 1451 2314 to·

175 2338 297 2435 gavit.
938 2402 942 2408 .

687 2440 994 2535 MLXXXV..
1242 2526 1245 2535 .

310 2564 496 2659 Donatn
521 2566 771 2683 Erperionin
797 2565 1134 2671 Munzenheimer,
1159 2593 1308 2655 marca.

171 2742 271 2875 Ego
284 2731 324 2809 in
348 2731 419 2809 Dei
431 2732 583 2809 nomine
603 2732 757 2835 Erperio
770 2737 868 2820 dono
884 2738 936 2815 ad
959 2736 1123 2813 santium
1150 2734 1220 2812 Dei
1240 2732 1446 2815 NazarIum

247 2853 448 2932 martyrem
462 2834 533 2913 &u
560 2857 639 2913 rem
653 2863 774 2917 meam
793 2842 831 2918 in
847 2864 950 2944 pago
965 2837 1255 2929 wormatiense,
1281 2838 1319 2915 in
1333 2840 1443 2915 Mun·

170 2939 318 3011 zintaim
333 2960 462 3011 marca
482 2962 596 3013 unam
613 2940 758 3019 vineam
772 2942 812 3021 ἂ
826 2941 1157 3039 unum'jurnalem
1180 2942 1226 3017 de
1241 2954 1341 3019 terra
1361 2963 1444 3017 ara·

172 3036 271 3114 to'ria
286 3036 542 3131 perpetualiter
557 3039 607 3115 ad
618 3042 861 3135 poiirdendum
875 3044 1113 3142 stipulatione
1124 3042 1291 3117 subnixa.
1308 3040 1446 3115 Attum

137 3212 141 3240 ,
171 3131 354 3216 Lauriffae
368 3134 433 3208 sub
446 3136 502 3209 die
516 3138 551 3211 II
565 3138 647 3214 idus
661 3143 804 3241 Iunias,
817 3170 918 3223 anno
933 3142 1113 3225 XXVIIII
1129 3142 1232 3240 regni
1246 3140 1372 3241 KaroIi
1390 3162 1444 3215 re·
1484 3172 1537 3223 12.
1557 3152 1634 3229 Iun.

174 3240 246 3335 gis.
271 3234 431 3332 Signum
451 3236 619 3411 mimo,
641 3244 702 3338 qui
713 3245 810 3321 hanc
829 3248 1075 3323 donationem
1100 3240 1349 3341 fierirogavit.
1376 3240 1448 3317 Re·
1553 3276 1558 3287 ·

176 3339 370 3439 giribertus
396 3336 489 3437 scn‘p
503 3350 546 3413 rt.

675 3453 980 3547 MLXXXVI.
1069 3486 1090 3511 v·

58 3650 61 3654 J
290 3580 471 3676 Donatio
500 3553 744 3672 riorrramn
768 3578 815 3705 in
841 3574 1169 3673 Munzenheimer
1192 3602 1339 3671 marca.

177 3762 232 3893 ln
246 3745 544 3871 Christi-nomine
559 3746 623 3824 sub
636 3746 695 3822 die
709 3749 777 3827 VII
795 3747 877 3824 idus
889 3745 993 3846 Sept
1011 3768 1110 3821 anno
1129 3750 1239 3825 tercio
1258 3748 1360 3845 regni
1379 3748 1453 3869 Ka·
1488 3782 1517 3853 7.
1532 3760 1615 3853 sept

232 3854 443 3948 wittegis,
469 3875 538 3928 nos
561 3850 667 3926 Beba
691 3850 730 3927 δι
756 3850 1005 3927 Nortramuus
1036 3872 1102 3949 per
1120 3873 1252 3929 manus
1266 3851 1452 3953 potestati·

180 3978 250 4033 vas
264 3956 519 4039 donamusad
539 3952 705 4032 sanum
729 3954 936 4033 Nazarium
949 3968 1153 4051 martyrem
1178 3954 1251 4037 &u
1290 3976 1370 4031 rem
1390 3980 1454 4035 no-

236 4058 330 4134 Tom.
352 4056 407 4138 II.
870 4057 903 4134 0
952 4136 956 4143 ,
1035 4101 1040 4109 ·
1162 4094 1166 4101 ·
1294 4058 1404 4139 stram
