3959 5359
987 446 1370 533 .Tnnnrrronrs

953 744 956 751 ’
1045 756 1290 846 DCCCLII.

757 884 936 977 Duratio
961 884 1200 999 Herimunm‘
1227 887 1280 985 dd
1315 887 1571 980 Wcir'morrnr‘.

529 1059 631 1192 Nos
645 1052 684 1132 in
710 1050 780 1126 Dei
794 1052 941 1128 nomine
966 1051 1218 1128 Herimannus
1231 1054 1270 1129 δι
1284 1054 1384 1131 filius
1404 1078 1511 1133 meus
1529 1054 1717 1136 Weliman
1736 1055 1801 1131 do-

614 1176 747 1229 namus
761 1154 808 1230 ad
824 1152 984 1231 sandtum
1010 1168 1213 1249 martyrem
1228 1154 1429 1233 Nazarium
1445 1158 1516 1235 dte.
1540 1155 1555 1253 j
1571 1156 1740 1233 mansum
1761 1156 1802 1231 in

532 1252 703 1355 Eirinflrjn
719 1254 852 1345 srtum,
879 1253 967 1351 &vj
980 1252 1114 1350 jornal.
1138 1256 1184 1329 de
1200 1268 1298 1331 terra
1319 1260 1507 1344 araturia,
1533 1259 1571 1333 dt
1583 1257 1604 1353 j·
1625 1260 1802 1359 petiolum

532 1356 646 1469 prati,
672 1358 718 1430 de
733 1382 809 1455 qua
823 1358 947 1455 colligi
963 1354 1105 1456 poiiunt
1113 1353 1141 1454 jj
1169 1358 1332 1435 carradae
1347 1358 1440 1447 feni,
1466 1357 1549 1433 haec
1563 1362 1744 1435 tradimus
1757 1359 1802 1433 de

530 1477 613 1552 Jure
635 1457 780 1547 nostro,
806 1474 886 1535 uta
911 1460 970 1535 die
1018 1458 1158 1537 raesenti
1179 1459 1228 1533 ad
1252 1460 1368 1559 ipsum
1393 1460 1518 1534 locum
1544 1459 1706 1535 santium
1722 1484 1804 1559 pro-

345 1652 349 1659 ·
459 1650 469 1665 ·
534 1556 661 1634 ficiant
685 1560 724 1634 in
746 1562 957 1657 augmentis
982 1484 1211 1660 dipulatione
1236 1560 1400 1638 subnixa.
1452 1556 1590 1634 Atium
1610 1560 1650 1632 in
1676 1584 1845 1635 mona.

345 1671 393 1740 .1·
407 1647 480 1735 Md·
534 1656 639 1736 sterio
664 1660 906 1751 taurosum,
930 1664 1110 1761 kalendas
1132 1661 1248 1759 Maji,
1276 1688 1372 1745 annu
1393 1662 1517 1739 XVIll
1539 1661 1640 1754 regni
1666 1659 1808 1733 domini

469 1767 473 1773 '
536 1758 646 1835 nostri
672 1762 810 1851 Karoli.
863 1765 1020 1860 Signum
1046 1764 1266 1841 Herimanni
1288 1764 1328 1843 dr
1352 1763 1603 1852 Welimanni‚
1630 1760 1696 1861 qui
1708 1760 1841 1838 nanc.

536 1861 774 1943 donationem
787 1866 963 1943 fecerunt.
1017 1865 1365 1968 Rudolfusscripsrt.

885 2056 891 2063 ’
1038 2067 1303 2163 DCCCLIII.

668 2294 670 2299 ,
704 2316 708 2321 ¹
795 2180 976 2300 Donario
1002 2212 1193 2305 riutberti
1222 2213 1265 2299 in
1294 2214 1423 2299 eadem
1448 2212 1556 2300 viiia.

350 2392 404 2445 no.
425 2370 507 2441 nov.
539 2382 592 2513 ln
612 2369 747 2450 Christi
771 2372 921 2447 nomine
946 2371 1018 2446 XII
1041 2367 1223 2449 kalendas
1255 2373 1428 2451 Decemb.
1457 2400 1555 2451 anno
1581 2372 1690 2451 XXII
1711 2375 1814 2471 regni

593 2473 733 2547 domini
748 2474 856 2547 nostri
882 2472 1013 2547 Karoli
1025 2473 1168 2569 gloriosr
1183 2476 1437 2572 imperatoris,
1464 2499 1534 2568 ego
1559 2476 1760 2549 Rutbertus
1774 2476 1814 2550 dr

542 2572 622 2649 filia
635 2596 727 2649 mea
745 2570 894 2647 Albleib
916 2574 1098 2651 donamus
1112 2577 1160 2651 ad
1178 2575 1339 2651 santium
1366 2575 1441 2649 Deis
1455 2589 1656 2667 martyrem
1690 2574 1814 2650 Naza-

543 2675 642 2752 rium
656 2674 729 2750 &e
752 2670 929 2771 jpratum
953 2675 993 2749 in
1018 2674 1189 2778 Ebinstein
1206 2676 1341 2763 snum,
1368 2677 1417 2750 ad
1438 2700 1518 2750 xxv
1540 2671 1712 2749 carradas
1737 2676 1815 2751 feni

391 2800 395 2809 ·
543 2776 747 2862 refertum,
774 2776 1032 2874 perpetualiter
1056 2778 1104 2853 ad
1125 2777 1397 2877 poffidendum,
1424 2790 1464 2851 ut
1488 2776 1658 2874 deinceps
1679 2777 1728 2851 ad
1758 2778 1814 2875 ip-

544 2878 626 2955 sum
650 2879 772 2951 locum
791 2876 950 2953 santium
976 2879 1265 2977 omnitempore
1290 2878 1455 2977 proficiat
1468 2878 1506 2951 in
1521 2877 1729 2972 augmentis
1756 2877 1816 2950 sti-

545 2980 734 3081 pulatione
760 2978 921 3055 subnixa.
975 2979 1113 3057 Atium
1146 2982 1186 3056 in
1212 2979 1427 3055 monasterio
1452 2980 1666 3053 Loureshum
1687 2978 1751 3051 die
1776 2977 1817 3055 dc

545 3096 711 3180 tempore
726 3105 797 3178 quo
812 3081 927 3181 supra.
979 3082 1019 3157 S.
1034 3082 1187 3181 Ruperti
1202 3081 1241 3157 dt
1267 3081 1450 3171 Albleibis
1467 3133 1477 3166 ,
1504 3081 1565 3177 qui
1579 3082 1677 3155 hane
1703 3081 1817 3154 dona·

536 3184 688 3363 {imesm
720 3182 909 3274 fecerunt,
950 3182 1093 3284 srgnum
1132 3182 1357 3273 odelberti,
1398 3181 1580 3266 Liutheri.
1633 3180 1818 3261 Rudolfus

434 3340 438 3351 ι
564 3285 639 3386 erip
653 3298 693 3363 rt
770 3368 775 3383 ,
828 3344 834 3347 -
995 3345 999 3351 ,

1064 3399 1332 3494 DCCCLIV.
1493 3426 1497 3434 '

1002 3528 1183 3622 Duratio
1253 3529 1390 3621 orari.

547 3696 717 3839 Eodem
728 3720 823 3773 anno
838 3721 907 3795 ego
932 3698 1030 3775 Udal
1045 3698 1141 3774 dono
1155 3720 1221 3797 pro
1231 3699 1374 3774 -anima
1388 3696 1577 3795 genitricis
1590 3716 1684 3773 mem
1699 3696 1820 3791 Burg-

628 3798 787 3887 suindis‚
815 3801 912 3896 quod
926 3800 1000 3899 ipsa
1014 3802 1108 3875 mihi
1125 3801 1304 3891 tradidit,
1331 3816 1373 3876 ut
1387 3804 1571 3877 traderem
1587 3801 1636 3876 ad
1662 3798 1822 3873 sanetum

550 3898 752 3977 Nazarium
768 3915 994 3997 martyrem,
1021 3904 1084 3999 qui
1107 3903 1296 3999 requiescit
1310 3904 1348 3976 in
1374 3926 1527 4000 corpore·
1544 3904 1583 3974 in
1608 3898 1824 3973 monasterio
1977 3959 1978 4000 ἰ

551 4000 800 4097 muruham,
827 4004 1045 4106 quod&ita
1060 4002 1143 4114 ieci,
1157 4000 1208 4103 ij
1235 4004 1409 4086 videlicet
1418 3998 1728 4099 jurnaideterra
1741 4022 1825 4115 ara·

1131 4139 1135 4148 ·
1677 4110 1779 4183 turra
1977 4109 1978 4118 ‘
