3959 5359
311 500 502 609 Accidit
534 507 720 665 interea
752 500 1029 635 temporis,
1068 498 1188 649 dum
1212 498 1378 605 isthaec
1401 508 1506 635 agi·

234 726 382 821 mus,
422 706 605 805 nurum
639 696 835 831 quid&
875 697 1147 827 singulare,
1187 698 1250 803 de
1283 731 1383 835 quo
1415 730 1505 805 ne·

236 894 352 1000 oeiie
379 896 449 1001 est
480 898 544 1003 ad
564 894 791 999 letiorem
820 892 1095 1000 referamus.

308 1208 365 1315 In
390 1212 577 1318 abbatia
614 1204 903 1315 Gottvioenfi
938 1212 1117 1317 codicis
1149 1204 1385 1327 Lauresb
1417 1241 1504 1315 ex·

166 1368 175 1384 ¹
235 1414 485 1544 emplum,
523 1412 660 1545 prelo
696 1405 946 1513 subeundo
974 1406 1165 1545 pridem
1194 1406 1495 1536 deffinatun,

113 1590 119 1605 '
228 1574 488 1729 aiiervari,
528 1609 591 1712 ad
614 1592 842 1743 'prunum
884 1604 1107 1710 editionis
1137 1604 1282 1737 hujus
1324 1610 1499 1715 nostrae

186 1806 458 1907 ,volumen
492 1802 684 1939 praefati
716 1801 921 1919 furnusr
964 1820 1018 1904 at
1050 1799 1413 1933 Tegemseenbs
1444 1810 1497 1911 iu

226 1993 440 2103 Bavaria
465 2001 737 2105 monasterii
762 2002 894 2134 typis
937 2001 1224 2137 propediem
1260 2003 1380 2106 illud
1411 2036 1497 2109 ex·

230 2190 397 2296 ouium
440 2200 538 2313 iri,
587 2195 914 2297 nesciebamus
951 2200 1133 2325 piane,
1160 2196 1210 2297 br
1258 2194 1393 2297 fama
1424 2202 1502 2299 in·

221 2400 363 2498 *certa
387 2406 500 2485 eum
524 2384 574 2487 id
606 2377 983 2516 accepiisemuS,
1013 2400 1255 2510 negarunt
1277 2386 1421 2489 amici
1445 2390 1496 2491 irr

164 2574 168 2579 ’
226 2574 469 2699 Bavaria,
507 2580 568 2685 ad
604 2609 727 2714 quos
762 2576 986 2681 eadere
1020 2572 1157 2681 scribi
1184 2582 1496 2699 curavimuss

224 2774 320 2881 five
346 2776 485 2911 quod·
498 2810 623 2915 opus
658 2780 848 2915 prelum
882 2774 1103 2881 nondum
1133 2770 1368 2899 subiisset,
1396 2778 1496 2883 five

227 2974 355 3103 quod
396 2973 449 3076 id
482 2978 694 3104 ignorari
736 2976 799 3081 ab
841 2979 946 3081 aliis
963 2976 1229 3113 ‚voluerint
1278 2970 1499 3108 Tegem·

229 3162 424 3271 seenses.

302 3474 551 3584 Thesauro
575 3482 743 3610 itaque
757 3496 860 3581 tarn
884 3486 967 3585 tiro
995 3483 1257 3586 desiderato
1278 3511 1342 3581 ne
1370 3484 1501 3586 orbis

229 3676 485 3795 literatus,
516 3676 749 3804 longioris
789 3702 942 3777 morae
977 3674 1279 3809 impatiens,
1321 3676 1498 3781 diutius

227 3888 447 3993 careret,
479 3903 540 3977 ex
565 3870 760 4006 latebris
791 3874 871 3979 ifle
902 3870 998 3979 suis
1030 3875 1084 3978 in
1107 3874 1272 3975 lucem
1305 3876 1495 3985 anobis
1521 3882 1524 3892 '

484 4050 486 4055 ⁵
1307 4106 1441 4211 pro.
1582 4047 1617 4179 J
