3959 5359
568 535 572 543 ·
616 536 675 595 nr
702 532 828 595 eruo
852 454 1101 599 Wornrar.
1428 540 1505 623 ²77
1606 553 1610 559 ·

750 816 998 911 MDCCIX.

433 1036 439 1046 .
484 950 668 1045 Donatio
696 948 892 1047 Ganbrrti
916 950 960 1037 in
988 944 1237 1041 Dianium.

221 1130 275 1263 ln
287 1116 420 1199 Christi
446 1121 596 1199 nomine
621 1117 793 1199 convenit
816 1130 927 1217 atque
952 1117 1179 1217 complacuit
1193 1116 1289 1194 inter
1305 1118 1501 1199 venerabi·

273 1224 349 1298 lem
366 1224 619 1303 Helmericum
635 1223 806 1301 abbatem
827 1220 1070 1319 &quendam
1088 1219 1237 1298 nomine
1249 1222 1498 1315 Gunbertum,

223 1334 265 1400 ut
284 1346 343 1401 res
363 1326 444 1403 suas
470 1349 538 1427 pro
560 1326 833 1428 opportunitate
848 1326 1015 1401 locorum
1040 1324 1138 1401 inter
1156 1324 1193 1399 se
1213 1338 1498 1403 commutarent.

221 1426 331 1504 Dedit
347 1428 461 1525 igitur
474 1429 669 1530 praedidus
685 1430 759 1520 vir,
773 1430 813 1504 in
827 1450 924 1529 pago
935 1426 1120 1509 Wormat
1134 1427 1173 1503 in
1186 1427 1376 1518 Drmiam,
1388 1428 1498 1526 quid·

145 1604 147 1609 .
221 1530 368 1626 quidde
391 1532 510 1609 vineis
534 1532 672 1610 ibidem
690 1532 827 1609 habere
842 1528 1026 1620 visusest,
1051 1542 1216 1606 econtra
1235 1528 1338 1608 dedit
1362 1530 1497 1631 praefa-

219 1644 281 1709 tus
301 1630 395 1710 abba
408 1634 548 1713 'vineas
569 1635 608 1712 in
631 1631 830 1736 Barciusrr
847 1654 1002 1720 maroa,
1026 1652 1122 1731 quas
1134 1630 1219 1710 Udo
1243 1630 1282 1710 &
1302 1632 1498 1711 Heraldus

219 1732 338 1811 santio
360 1736 520 1815 Nazario
546 1738 801 1827 tradiderunt,
827 1734 1059 1839 stipulatione
1086 1731 1253 1813 subnixa.
1304 1731 1496 1818 Atiumin

216 1836 435 1918 monasterio
447 1840 704 1932 taunshms
721 1837 1051 1919 annoXIlKaroli
1068 1837 1180 1935 regie.
1483 1842 1498 1853 '

748 2034 1005 2131 MDCCX.-
1170 2067 1185 2078 ‘

656 2167 840 2261 Donario
867 2163 1082 2261 Berotai.
1465 2258 1470 2261 .
1527 2262 1531 2267 ,

212 2342 266 2471 ln
286 2326 422 2407 Christi
455 2328 630 2423 nomine,
657 2356 757 2409 anno
777 2331 881 2410 sexto
911 2346 1090 2433 regnante
1116 2333 1255 2413 Karolo
1278 2359 1365 2435 rege
1377 2392 1393 2434 a
1422 2360 1494 2436 ego

264 2432 549 2509 Bemher'dono
575 2436 623 2511 ad
645 2435 811 2511 santium
836 2436 1042 2513 Nazarium
1067 2452 1272 2535 martyrem
1287 2439 1359 2517 dcc.
1386 2464 1493 2519 man·

212 2530 293 2609 sum
304 2530 320 2629 j
346 2556 433 2609 cum
453 2532 534 2607 casa
560 2534 767 2635 desuper&
784 2558 871 2612 area
891 2538 931 2612 in
946 2560 1047 2636 pago
1072 2540 1268 2618 wormio
1294 2543 1491 2631 Dienheim,

73 2670 76 2682 ·
211 2634 250 2711 δι
263 2634 444 2732 quidquid
457 2632 597 2711 ibidem
609 2636 748 2713 habere
772 2635 873 2713 visus
887 2636 939 2713 est
961 2640 1123 2719 interris
1134 2692 1148 2733 ,
1173 2641 1334 2745 campis,
1359 2643 1492 2735 vineis,

212 2734 273 2833 &j
293 2736 521 2841 mancipium
534 2738 686 2855 nomine
713 2736 932 2817 Hartolfum
945 2737 1019 2819 dcc.

733 2941 981 3035 MDCCXI.

469 3065 651 3157 Donorr'o
681 3066 868 3160 Rirconis
896 3073 940 3160 in
965 3074 1091 3162 rodem
1116 3074 1218 3163 vico.

273 3180 471 3312 nno'xlm
496 3231 642 3335 Pippini
658 3218 785 3328 regis,
810 3258 881 3333 ego
901 3236 1016 3317 Riceo
1034 3240 1133 3316 dono
1151 3238 1202 3315 ad
1222 3236 1385 3317 bustum
1411 3242 1489 3321 Na.
1578 3319 1582 3327 Ι

252 3410 263 3460 3
299 3336 446 3517 zariappp
471 3331 542 3411 &o
569 3331 749 3433 quidquid
779 3337 916 3415 habere
941 3343 1069 3421 videor
1099 3342 1255 3496 inpago
1281 3342 1422 3429 Worm.
1449 3344 1489 3420 in

164 3538 167 3543 Ι
200 3439 372 3535 Dandum
447 3489 458 3513 .
748 3531 1015 3626 MDCCXH·
1333 3498 1340 3507 .

607 3664 791 3760 Donorio
820 3665 1101 3760 Geminam·

211 3832 609 3977 Annonxnnarm
623 3834 739 3953 regie,
765 3856 836 3933 ego
849 3835 1049 3955 naaman
1062 3833 1221 3913 donoad
1235 3834 1396 3960 raanan
1409 3836 1490 3961 Na·
1591 3858 1598 3867 -

299 3962 443 4016 narrum
458 3939 530 4019 &u
558 3960 675 4029 uuam
688 3960 839 4020 vineam
857 3961 898 4019 m
918 3962 1015 4043 pago
1040 3940 1224 4027 Wormat.
1237 3964 1278 4017 m
1302 3942 1488 4022 otmarus·

210 4064 420 4125 marmorea
431 4040 504 4127 &a

708 4281 711 4291 Ι
762 4168 905 4265 Mus
1183 4164 1425 4249 MDCCXIH.
