3959 5359
648 364 705 424 nr
732 360 864 419 nano
891 340 1131 427 Wonmrn
1295 310 1300 323 ’
1453 369 1508 444 47

652 639 1075 735 DCCCCXXXVII.

641 775 820 871 Donatio
844 769 1092 885 Helmgouzi.

265 972 291 1023 n
312 944 446 1025 Christi
472 945 622 1021 nomine
641 942 703 1021 sub
723 943 782 1019 die
804 942 837 1017 ll
857 940 939 1016 idus
959 937 1128 1038 Aprilis,
1152 962 1249 1015 anno
1263 939 1384 1039 primo
1398 939 1503 1039 regni
1534 976 1587 1031 m.
1611 959 1686 1051 Aps,

289 1048 433 1123 domini
448 1046 560 1123 nostri
584 1045 703 1121 Karoli
721 1046 844 1140 regis,
870 1066 939 1139 ego
954 1043 1167 1136 Helmgauz
1192 1062 1261 1139 pro
1284 1041 1356 1115 Dei
1367 1042 1504 1122 intuitu

235 1147 335 1225 dono
349 1152 398 1226 ad
414 1148 577 1225 sanetum
589 1148 653 1222 Dei
667 1144 864 1221 Nazarium
880 1158 1086 1241 martyrem
1100 1140 1171 1218 dre.
1185 1142 1226 1217 in
1241 1164 1337 1239 pago
1359 1143 1501 1225 Worm.

235 1250 277 1325 in
303 1252 478 1325 Flonloim
501 1270 624 1322 marca
644 1245 778 1342 jurnal.
795 1270 820 1322 v
839 1242 886 1321 de
903 1259 1001 1323 term
1027 1244 1188 1319 amunia
1210 1243 1307 1318 adie
1330 1244 1503 1343 praesentl

235 1354 495 1451 perpetualiter
509 1350 557 1425 ad
570 1347 834 1448 poffidendum,
859 1348 928 1435 ita,
953 1360 999 1423 ut
1011 1344 1180 1421 habeatis
1189 1342 1271 1441 jure
1284 1346 1444 1423 habendi
1457 1346 1502 1425 dc

235 1453 510 1540 commutandi,
537 1454 598 1528 vel
618 1451 794 1549 quicquid
816 1449 952 1525 exinde
973 1446 1097 1523 facere
1119 1448 1325 1534 volueritis,
1350 1448 1499 1547 stipula-

229 1554 329 1627 tione
350 1553 515 1628 snbnixa.
569 1550 706 1629 Attum
729 1554 768 1627 in
801 1550 1021 1627 monasterio
1059 1546 1257 1648 Laureffm
1280 1548 1343 1625 sub
1374 1549 1434 1625 die
1455 1548 1497 1627 dc

227 1666 417 1752 tempore,
443 1678 519 1751 quo
536 1652 655 1754 supra.
708 1654 868 1749 Signum
893 1652 1117 1747 trengam,
1142 1652 1205 1749 qui
1218 1651 1316 1728 hanc
1331 1650 1497 1728 donatio·

227 1754 404 1831 nemlieri
418 1758 581 1853 rogavit.
633 1756 717 1851 Ego
730 1754 883 1830 Samuel
909 1751 1039 1853 scripfi.

652 1951 1098 2046 DCCCCXXXVIII.

638 2083 816 2173 Donatio
874 2084 941 2177 W
935 2079 1119 2171 altrudis.

227 2260 285 2385 ln
299 2246 436 2322 Christi
449 2247 598 2321 nomine
613 2246 679 2321 sub
694 2245 797 2321 diell
810 2248 891 2321 idus
904 2248 1003 2343 Sept.
1018 2244 1277 2321 ennosecundo
1291 2246 1498 2342 regnisKa·
1528 2256 1674 2350 rnsqt

281 2348 354 2422 roli
373 2347 495 2442 regis,
521 2370 594 2442 ego
619 2346 793 2425 Waltrud
815 2346 911 2421 dono
924 2348 971 2421 ad
993 2346 1151 2421 santium
1176 2346 1379 2423 Nazarium
1399 2371 1499 2427 mar·

225 2462 350 2546 tyrem
360 2446 431 2524 dre.
457 2449 495 2523 in
520 2470 622 2547 pago
650 2448 790 2525 Wotm.
814 2448 853 2521 in
878 2446 1055 2521 Flanheim
1076 2469 1217 2534 marca,
1237 2446 1404 2541 jurnales
1419 2466 1495 2528 tres

221 2550 269 2626 de
296 2564 396 2625 terra
421 2551 582 2626 araturia
608 2574 631 2627 a
657 2547 718 2622 die
749 2547 912 2647 praesenu·
938 2548 1038 2623 dono
1060 2546 1290 2647 stipulatione
1323 2549 1490 2629 subnixa.

219 2650 363 2733 Altum
377 2651 415 2725 in
428 2652 643 2729 monasterio
669 2647 868 2750 Lourcffom
881 2649 944 2724 snb
964 2651 1025 2725 die
1038 2648 1264 2751 &tempore
1282 2672 1355 2749 quo
1368 2654 1487 2753 supra.

218 2754 378 2848 Signum
395 2752 592 2843 Waltrnd,
619 2774 709 2852 quae
734 2750 831 2829 hanc
848 2750 1084 2831 donationem
1103 2752 1182 2834 fieri
1194 2754 1351 2851 rogavit.
1404 2756 1488 2853 Ego

217 2856 374 2933 Samuel
388 2852 513 2956 scripsi.
1328 2859 1332 2865 '

645 2988 1059 3081 DCCCCXXXIX.
1085 3051 1088 3058 -

464 3114 640 3205 Douolio
665 3117 882 3206 Beruherii
911 3116 952 3203 in
979 3119 1109 3205 endem
1133 3120 1240 3211 villa.

223 3290 276 3419 In
290 3274 424 3357 Christi
439 3275 586 3351 nomine
608 3276 671 3352 sub
687 3278 776 3355 diel
802 3304 920 3355 nonas
935 3282 1061 3359 Martii
1076 3308 1172 3360 anno
1185 3284 1290 3364 Xllll
1305 3287 1406 3383 regni
1421 3288 1488 3365 do-
1517 3292 1654 3382 pltat.

276 3378 368 3455 mini
385 3377 514 3454 Karoli
531 3375 657 3470 regis,
683 3400 750 3449 nos
773 3380 998 3455 Bernherius
1017 3384 1056 3457 dn
1075 3398 1196 3457 mater
1209 3409 1295 3461 mea
1317 3388 1493 3466 Waltrud

189 3511 194 3517 ·
224 3480 407 3555 donamus
432 3503 500 3579 pro
523 3478 650 3553 anima
674 3476 792 3551 nostra
814 3476 864 3549 ad
883 3475 1040 3552 santium
1062 3480 1264 3559 Nazarium
1287 3498 1493 3583 martyrem

225 3582 301 3655 &o
325 3604 403 3656 rem
428 3600 556 3655 meam
577 3578 617 3653 in
641 3600 736 3676 pago
761 3574 946 3657 Wormat.
972 3578 1011 3650 in
1036 3578 1208 3654 flanheim
1240 3605 1366 3661 marca
1394 3586 1433 3664 &
1453 3590 1493 3667 in
1749 3614 1759 3679 2

138 3732 149 3767 ,-
224 3680 416 3755 Brunheim
431 3702 559 3755 marca
573 3679 718 3753 mansus
730 3677 758 3774 jj
787 3698 877 3751 cum
892 3676 995 3765 casa,
1022 3680 1185 3777 campis,
1211 3687 1338 3783 pratis,
1364 3686 1488 3779 silvis,
1563 3686 1621 3773 (ll
1636 3700 1765 3764 uam«

224 3781 361 3877 aquis,
386 3804 616 3879 aquarumve
639 3778 852 3858 decursibus
875 3778 994 3868 dono,
1019 3780 1254 3882 traduntque
1275 3788 1489 3869 transfundo

220 3880 472 3981 injustarum·
498 3881 677 3976 Neratii,
698 3878 929 3985 stipulatione
953 3880 1123 3965 subnixa.
1169 3886 1310 3967 'Atium
1331 3890 1370 3965 in
1392 3890 1486 3967 Lau·

279 4010 292 4055 Δ.
1188 4062 1195 4073 ,
1301 3991 1435 4071 rotam

1822 3762 1847 3788 χ
