3959 5359
568 400 630 459 no
654 395 782 456 nuno
804 374 1051 461 Wonornr.
1223 453 1236 473 ,
1365 398 1447 475 ¹19

181 532 1447 576 ......-..---—-——-——---

179 588 1448 626 Μ

178 694 216 770 in
237 691 535 789 Dogotscshoimer
556 709 686 764 marca
699 687 738 762 in
747 682 810 782 jus
827 682 865 762 δι
883 676 1166 758 dominationem
1187 672 1295 754 santii
1320 678 1450 755 Naza-

99 828 103 836 .
160 796 227 871 »rii
247 794 476 893 stipulatione
495 791 664 869 subnixa.
715 786 849 865 Auum
867 784 905 861 in
926 778 1141 859 monasterio
1165 776 1450 895 tauriffamenfi

181 896 248 973 sub
273 895 391 974 die&
422 909 590 994 ternpore
611 914 684 989 quo
703 890 816 990 supra.
848 887 1001 984 Signum
1027 884 1215 959 Gunzons
1227 934 1238 973 ,
1262 884 1328 984 qui
1342 882 1462 961 hanc'

182 1000 422 1080 donationem
435 996 515 1075 fieri
528 996 567 1074 δι
580 990 882 1127 firmuirogavit

686 1192 936 1286 MCXXIIL

430 1327 609 1421 Duratio
633 1326 839 1418 Eberwr'oi
867 1324 911 1411 in
939 1323 1066 1410 codem
1091 1320 1191 1409 vico.

173 1508 231 1635 In
246 1494 355 1576 Cristi
371 1498 520 1576 nornine
541 1496 605 1574 sub
618 1495 676 1572 die
700 1494 736 1571 11
758 1514 879 1569 nonas
901 1488 1044 1590 Aprilis
1067 1513 1164 1567 anno
1189 1490 1315 1587 quinto
1334 1490 1444 1589 regni
1473 1490 1593 1580 4-Apr.

224 1599 353 1675 KaroIi
371 1598 480 1695 regis,
504 1623 574 1695 ego
599 1596 822 1675 Eberwinus
843 1594 941 1669 dono
975 1591 1024 1668 ad
1055 1590 1215 1669 faustum
1241 1594 1445 1673 Nazarium

171 1714 375 1797 martyrem
387 1699 457 1778 &o
472 1702 512 1777 in
522 1700 620 1801 pago
632 1700 818 1781 Wormat.
833 1696 873 1773 in
886 1693 1174 1791 Dagolsosieimer·
1186 1716 1312 1773 marca
1326 1720 1446 1775 unum

167 1799 357 1898 jurnalem
369 1803 414 1877 de
428 1816 529 1879 terra
544 1802 678 1878 arabili
695 1798 927 1898 stipulatione
944 1794 1111 1871 subnixa.
1163 1794 1297 1871 Atrum
1311 1798 1349 1875 in
1363 1822 1445 1873 mo·

170 1902 330 1979 nasterio
355 1902 633 1980 Lauriiinmenfi
648 1900 714 1977 sub
726 1899 786 1975 die
799 1898 836 1974 δι
852 1912 1016 1995 tempore
1042 1917 1114 1993 quo
1130 1895 1260 1997 supra!
1283 1900 1443 1999 Signum

169 2004 392 2097 Eberwini,
418 2005 482 2107 qui
493 2005 592 2085 hunc
611 2002 850 2083 donationem
868 1998 948 2079 fieri
961 1996 1001 2075 δι
1021 1996 1156 2077 firmari
1168 2003 1323 2107 rogavit.

697 2200 946 2295 ΜΟΧΧΝ.

121 2422 125 2427 ,
230 2306 233 2313 ’
349 2360 353 2367 ·
428 2326 613 2421 Duratio
636 2325 852 2437 Giſslher'dis
877 2330 919 2420 ἐκ
944 2334 1075 2421 eodem
1101 2294 1259 2423 nico..

170 2507 276 2640 Ego
289 2496 328 2573 in
348 2496 422 2573 Dei
434 2497 586 2572 nomine
610 2495 779 2571 Gifflheit
788 2495 881 2571 dono
894 2500 940 2574 ad
950 2498 1114 2576 faustum
1130 2497 1329 2577 Nazarium
1341 2520 1459 2577 mara.

252 2614 373 2698 tyrem
401 2597 474 2677 &n
513 2597 553 2672 in
581 2620 677 2697 pago
704 2597 894 2677 Wormat‘
914 2599 953 2675 in
986 2598 1278 2699 Dagolseshoimor
1309 2623 1458 2695 marca¹

170 2726 287 2820 unam
313 2702 459 2779 vineam
484 2700 745 2818 perpetualiter
770 2700 817 2775 ad
828 2700 1075 2818 possidendum
1100 2702 1330 2803 stipulatione
1351 2704 1436 2781 sub·

170 2828 270 2880 nixa.
320 2802 453 2882 Attum
465 2803 505 2879 in
525 2802 743 2880 monasterio
768 2802 1039 2881 Laurrisamensr
1054 2804 1120 2883 sub
1144 2806 1204 2882 die
1217 2807 1302 2883 idus
1327 2806 1433 2885 Osto·
1462 2826 1514 2899 ις»
1544 2812 1618 2889 Οθτ.

169 2906 248 2981 bris
261 2928 355 2978 anno
368 2908 437 2981 xli
449 2905 552 3005 regni
564 2906 689 2981 Karoli
704 2904 814 3000 regis.
840 2905 996 3004 Signum
1012 2907 1207 3003 Giselheit,
1231 2932 1318 3011 quae
1332 2910 1432 2991 hanc
1463 2996 1469 3007 ,

171 3002 411 3079 donationem
420 3002 548 3079 fieri&
570 3003 710 3083 firmari
734 3007 888 3101 rogavit

709 3203 938 3301 MCXXV.

456 3323 634 3439 Donatio
659 3328 810 3435 Geroifi
832 3332 872 3417 io
898 3334 1024 3421 eodem
1051 3339 1150 3427 vico.

171 3508 273 3636 Ego
288 3497 327 3573 in
350 3495 423 3574 Dei
436 3494 586 3573 nomine
610 3489 752 3571 Gerolf
761 3492 855 3567 dono
872 3495 1089 3573 adianttum
1113 3500 1315 3583 Nazarium
1341 3522 1438 3583 mar·
1551 3504 1554 3511 ‘

251 3612 374 3694 tyrem
388 3599 458 3675 &o
484 3598 526 3673 in
539 3620 633 3695 pago
660 3593 845 3673 wormat.
871 3594 910 3671 in
934 3596 1027 3671 villa
1051 3601 1299 3698 Dagolsesicim
1324 3630 1437 3685 unam

169 3699 324 3778 vineam
350 3698 576 3797 stipulatione
596 3696 767 3773 subnixa.
822 3694 954 3775 Attum
970 3698 1010 3774 in
1023 3700 1236 3781 monasterio
1260 3706 1439 3788 Lauriffa·

170 3800 285 3878 menst
301 3799 364 3875 sub
376 3798 436 3874 die
446 3800 480 3874 II
495 3800 580 3875 idus
599 3794 772 3875 ‘Ostobn's
788 3820 881 3875 anno
900 3798 1028 3879 XXVI
1047 3804 1175 3881 Karoli
1193 3809 1302 3905 regis.
1323 3865 1328 3875 .
1356 3812 1437 3912 sig.
1465 3836 1515 3907 14,
1536 3814 1616 3891 oa,

171 3926 263 3983 num
277 3900 556 3995 Gerolficierici,
571 3902 639 4005 qui
649 3900 750 3983 hanc
763 3898 1432 4013 donationemfieri&firmarirogavit.
1516 3914 1533 3949 '

1169 4048 1374 4137 MCXXVI.
