3959 5359
939 399 942 406 ·
982 381 1341 460 mammons

956 683 1365 782 MMCLXXXVIL

721 819 982 909 Commutatio
1007 817 1212 932 Engilrici
1241 815 1284 906 io
1311 819 1573 942 Menaingen.

397 1058 401 1063 .
505 999 559 1132 In
577 985 710 1067 Christi
732 988 880 1064 nomine
899 986 1110 1085 conplacuit
1131 999 1243 1084 atque
1260 991 1436 1068 convenit
1463 993 1560 1070 inter
1590 1001 1781 1077 venerabi·

559 1093 634 1166 lem
651 1090 890 1184 Adalungum
908 1090 1081 1166 abbatem
1096 1089 1303 1164 monasterii
1323 1091 1436 1166 sensti·
1462 1096 1611 1173 Nazarii
1626 1101 1666 1175 in
1684 1105 1780 1178 Lau·

508 1195 683 1281 resham,
708 1194 764 1267 uti
784 1191 822 1268 &
847 1191 972 1266 ‘virum
1003 1192 1191 1287 quendam
1216 1192 1365 1266 nomine
1388 1195 1640 1290 Engilricum,
1666 1219 1779 1279 utres

505 1296 590 1372 suas
613 1297 706 1372 inter
740 1293 775 1367 se
800 1305 1085 1387 commutarent
1112 1292 1224 1368 Dedit
1242 1291 1355 1388 igitur
1374 1297 1555 1394 praefatus
1579 1304 1675 1378 abba
1687 1327 1795 1401 prae·-

507 1399 603 1472 dido
621 1397 702 1472 viro
728 1395 881 1493 inpage
908 1395 1126 1468 Kreickowe
1149 1394 1186 1468 in
1211 1393 1306 1470 villa
1331 1397 1572 1496 Menzingmj'
1592 1401 1776 1496 jurnalem
1846 1409 1855 1416 “

508 1499 555 1574 de
572 1515 668 1575 terra
684 1497 861 1590 aratoria3
886 1508 1050 1570 econtra
1081 1494 1182 1569 dedit
1201 1495 1380 1595 praefatus
1403 1502 1460 1575 vir
1478 1503 1514 1575 in
1535 1505 1664 1578 eadem
1684 1507 1774 1580 villa

509 1603 624 1677 alium
645 1597 853 1697 jurnalem,
881 1597 1111 1696 stipulatione
1131 1596 1298 1674 subnixa.
1350 1599 1483 1676 Attum
1504 1603 1541 1676 in
1557 1604 1770 1680 monasterio

339 1673 471 1742 amm*
507 1701 748 1789 Laurisham,
775 1700 832 1775 die
846 1699 881 1780 11
897 1721 1014 1776 nonas
1035 1699 1186 1790 Martii,
1212 1725 1311 1778 anno
1323 1701 1424 1782 XLV
1438 1703 1680 1800 Xmoliregis.

924 1859 1354 1998 mmmmmvmj
1429 1851 1439 1863 ’

711 2029 972 2120 Commutatio
997 2029 1214 2150 fferonimi
1241 2033 1284 2120 in
1313 2035 1439 2122 eadem
1466 2037 1572 2122 oilla.
1702 2063 1717 2130 ἴ

536 2229 560 2280 n
580 2197 713 2280 Christi
738 2198 886 2274 nomine
912 2199 1122 2298 conplacuit
1139 2213 1252 2297 atque
1278 2201 1448 2278 convenit
1467 2200 1561 2276 inter
1583 2199 1768 2277 venerabi·

560 2307 634 2382 lem
650 2301 822 2378 abbatem
836 2299 1042 2376 monasterii
1058 2299 1167 2376 sandi
1194 2303 1344 2380 Nazarii
1357 2305 1397 2379 in
1423 2303 1656 2389 Laurisham,
1674 2289 1789 2377 &vii

377 2495 380 2498 ,
507 2431 592 2486 rum
605 2408 789 2504 quendam
806 2403 954 2479 nomine
980 2403 1234 2504 Jeronimum,
1261 2421 1304 2482 ut
1326 2429 1385 2482 res
1408 2407 1492 2481 suas
1519 2407 1615 2480 inter
1631 2405 1664 2478 fe
1678 2427 1773 2478 com·

506 2521 705 2586 mutarent.
742 2507 852 2580 Dedit
873 2505 984 2602 igitur
1010 2506 1189 2603 praefatus
1210 2507 1304 2582 abba
1330 2509 1504 2604 praedido
1536 2508 1615 2581 viro
1636 2506 1775 2602 inpage

469 2633 472 2637 ·
510 2611 693 2685 dractona
708 2609 746 2683 in
761 2608 851 2683 villa
875 2607 1045 2684 ommam
1059 2629 1186 2682 aream
1195 2606 1211 2703 j
1238 2607 1274 2682 δι
1282 2606 1448 2701 jurnales
1465 2632 1489 2680 v
1496 2633 1507 2698 ;
1534 2621 1696 2680 econtra
1710 2607 1773 2680 de-

507 2711 562 2786 dit
576 2709 747 2810 praefatus
773 2712 830 2784 vir
851 2710 889 2784 in
907 2711 1038 2786 eodem
1058 2733 1153 2808 pago
1166 2710 1204 2783 in
1230 2709 1318 2781 villa
1342 2707 1531 2798 Manaingo
1540 2705 1557 2797 j
1579 2729 1704 2779 aream
1732 2705 1774 2781 dt

243 2853 247 2862 ·
506 2811 555 2907 vjj
568 2811 732 2906 jurnales
746 2812 790 2886 de
807 2827 927 2898 terra,
952 2809 990 2888 dt
1000 2809 1015 2906 j
1038 2827 1183 2910 pratum
1198 2806 1420 2903 stipulatjone
1437 2805 1602 2879 subnixa.
1631 2805 1770 2880 Attum

280 3011 285 3022 δ
315 2947 367 3012 25.
383 2921 459 3018 λρτ.
503 2911 772 3031 ὶυιῐῃοηαίζεῐὶο
796 2913 1046 3004 Lauresham,
1072 2914 1131 2990 die
1144 2909 1214 2987 Vll
1235 2909 1310 2984 kal.
1328 2904 1451 3004 Maji,
1477 2931 1573 2983 anno
1588 2907 1626 2984 X
1645 2907 1768 2984 Ludo-

418 3089 424 3103 ,
505 3037 591 3106 w1c1
616 3036 724 3112 regas.
838 3021 846 3040 ‘
1274 3037 1278 3048 ’
1671 3007 1675 3018 “

690 3213 713 3241 .
903 3173 909 3182 ·
945 3109 1340 3208 MMCLXXXIX.

737 3243 916 3338 Donatio
949 3245 989 3336 T
984 3239 1193 3331 teotleictt
1214 3241 1256 3327 in
1284 3237 1413 3351 eodem
1441 3234 1511 3324 vit
1537 3299 1549 3323 .

449 3489 452 3496 ,
487 3421 605 3553 ¹Ego
619 3413 658 3492 in
683 3412 752 3490 Dei
764 3413 910 3498 nomine
926 3410 1120 3487 Theotleih
1142 3433 1207 3508 pro
1219 3406 1346 3484 anima
1370 3404 1583 3502 Liugardis‚
1608 3403 1703 3481 dono
1723 3403 1773 3480 ad

584 3515 742 3592 fandum
765 3513 1053 3591 Notarium-dcc.
1076 3533 1132 3608 m]
1149 3510 1318 3606 jurnales
1337 3510 1382 3584 de
1395 3523 1491 3583 terra
1508 3509 1544 3581 in
1558 3529 1654 3605 pago
1669 3505 1771 3580 Krei·
1834 3529 1839 3534 *

391 3659 402 3668 ,
501 3616 632 3694 ckowe
646 3619 683 3691 in
710 3617 917 3710 Manainger
931 3639 1085 3702 marca,
1109 3613 1340 3711 stipulatione
1361 3610 1525 3685 subnixa.
1578 3609 1714 3684 Attum
1732 3609 1771 3681 in

164 3713 168 3726 '
314 3717 471 3803 15.Nov.
502 3719 716 3795 monasterio
736 3717 956 3796 Laurisham
968 3771 980 3809 ‚
1006 3717 1068 3794 dje
1093 3713 1201 3797 XVII
1216 3714 1396 3799 kalendas
1418 3711 1650 3800 Decembris,
1674 3730 1769 3786 anno

375 3835 379 3841 “
450 3896 456 3913 ,
500 3819 589 3902 XIII
609 3819 738 3899 Karoli
751 3817 860 3916 regis.

1520 4030 1715 4116 MMCXC.
