3959 5359
472 536 740 686 protraitus
766 544 832 663 est
867 576 927 647 eo
957 542 1236 667 lubentius,
1277 542 1408 679 quod
1432 542 1651 719 inipedio
1685 544 1736 649 dr

471 748 645 847 collato
678 743 853 846 codicis
884 742 1190 878 autographo
1220 742 1284 849 de
1317 744 1521 903 ueritate
1563 740 1771 884 nostroe¹

284 972 286 978 '
471 942 687 1047 lectionis
711 938 948 1044 certissmri
971 970 1179 1047 eramus.

547 1254 794 1361 Prodierat
821 1256 905 1363 sub
927 1260 1043 1363 anni
1067 1256 1211 1388 hujus
1236 1256 1430 1355 initium
1454 1272 1616 1358 tomus
1639 1258 1740 1390 pri*
1797 1216 1800 1219 ⁴

475 1478 618 1572 mus,
649 1454 703 1555 do
724 1452 958 1561 fecundus
974 1454 1172 1561 sudabat
1197 1447 1281 1553 sub
1301 1454 1469 1585 prelo,
1497 1476 1611 1551 cum
1628 1480 1740 1549 eece

477 1652 677 1749 nuntius
703 1682 861 1753 novus
885 1653 1136 1755 afferretur
1161 1648 1223 1751 de
1248 1643 1588 1783 Tegemieenfi
1615 1648 1740 1780 ejus·
1855 1612 1864 1631 ’

476 1842 590 1945 dem
624 1842 730 1947 libri
765 1848 1014 1968 editione,
1056 1848 1507 1980 cujus-exemplum
1534 1818 1741 1973 deniquo

476 2042 645 2171 paucis
689 2040 864 2153 abhinc
911 2040 1082 2145 diebus
1114 2042 1244 2145 natii
1272 2117 1286 2163 ,
1319 2040 1506 2143 sarnam
1543 2038 1743 2141 minime

477 2192 697 2334 fallacem
740 2234 872 2335 fuiiie
912 2240 1275 2353 intelleximus,
1312 2234 1362 2338 δι
1396 2234 1528 2365 quod
1568 2226 1746 2335 mira'tu

479 2426 702 2553 dignium
736 2426 908 2528 eodem
935 2430 1082 2561 plone
1114 2426 1297 2544 modo,
1341 2427 1607 2556 eademque
1650 2426 1746 2523 for·

319 2614 330 2633 '
481 2646 566 2719 ma
589 2635 843 2751 utramque
876 2618 1137 2724 editionem
1168 2619 1452 2723 adornatam
1477 2615 1567 2717 effe
1592 2610 1748 2719 obser·

473 2817 709 2918 ‚ravimus
728 2838 762 2933 ‚'
777 2844 877 2917 non
906 2818 1045 2920 aliter
1072 2817 1212 2939 fere,
1244 2846 1302 2921 ac
1327 2814 1362 2920 [i
1390 2816 1748 2917 communicata

259 3084 261 3094 ,
484 3014 725 3145 utrimque
752 3012 943 3117 confilia
974 3012 1178 3119 suilient.

556 3322 867 3436 Conveniunt
898 3330 1055 3440 Codex
1068 3331 1395 3470 daphnoides
1419 3332 1473 3435 in
1488 3330 1643 3447 titulo,
1669 3358 1750 3429 ea·

483 3526 720 3630 ruderum
744 3534 795 3634 in
829 3544 965 3639 textu
987 3532 1209 3637 historico
1242 3530 1456 3635 chronici
1498 3541 1642 3655 atque
1677 3520 1750 3622 dr.-
1807 3477 1820 3584 f

483 3723 744 3859 plomatico
784 3729 1030 3834 diverfites
1065 3799 1081 3848 ,
1123 3722 1559 3883 animadversiones
1598 3718 1753 3854 textui

319 3976 326 3987 ι
484 3918 652 4052 poison
678 3918 932 4055 subjeoae,
965 3928 1020 4030 in
1044 3925 1218 4060 quibus
1253 3922 1572 4059 sagaciiiimus
1598 3912 1754 4016 editor
1893 3989 1897 3996 -
1974 4059 1975 4068 Ν

1544 4103 1681 4217 Gott-
