3959 5359
534 436 585 514 44
990 404 1344 487 'Iannrrrouns

533 630 709 651 -ιη

534 715 573 796 in
592 712 808 791 monasterio
833 710 1017 809 Laurensc.
1069 712 1225 809 Signum
1245 714 1460 804 Fricconis,
1484 716 1549 814 qui
1563 717 1662 795 hanc
1688 719 1813 799 dona·

535 818 673 894 tionem
693 815 770 891 fieri
793 812 831 889 δι
852 812 1071 891 confirmare
1092 815 1248 910 rogavit.
1283 818 1532 915 Reginbertus
1564 818 1745 899 diaconus
1766 823 1813 901 δι

535 918 741 997 monachus
756 912 904 1012 scripfit.
1615 969 1619 976 ,

985 1108 1355 1232 nccccxxxi.

398 1371 405 1386 .
492 1368 501 1387 .
531 1318 582 1449 lp
598 1306 733 1386 Christi
748 1306 894 1383 nomine
909 1305 972 1383 sub
989 1307 1047 1382 die
1067 1308 1137 1385 VII
1149 1306 1329 1383 kalendas
1336 1308 1455 1483 pulii,
1482 1335 1579 1388 anno
1594 1313 1647 1393 VI
1661 1314 1809 1390 domini

584 1412 712 1486 Karoli
724 1410 833 1505 regis,
851 1432 919 1504 ego
933 1408 1059 1484 Hildis
1073 1411 1153 1486 Deo
1172 1408 1322 1498 sacrata,
1364 1410 1415 1486 lia
1441 1412 1628 1503 Erliwini,
1644 1418 1741 1491 dono
1756 1415 1812 1491 ad

532 1512 693 1591 fantium
720 1511 922 1589 Nazarium
938 1524 1141 1607 martyrem
1156 1510 1227 1587 dte.
1252 1533 1334 1587 rem
1347 1517 1471 1589 meam
1487 1513 1526 1589 in
1539 1538 1636 1615 pago
1661 1513 1813 1613 Alisaz-

530 1639 655 1709 gome,
680 1612 761 1712 (a)
786 1612 964 1709 quidquid
985 1612 1032 1686 de
1056 1612 1236 1688 facultate
1252 1636 1337 1689 mea
1359 1612 1400 1689 in
1421 1614 1498 1713 ipsa
1524 1637 1651 1691 marca
1670 1615 1820 1690 habere

387 1722 391 1735 '
533 1716 659 1791 videor
684 1715 915 1813 &oportune
941 1712 1038 1789 mihi
1051 1712 1194 1809 legibus
1216 1714 1392 1803 obvenit,
1417 1716 1598 1792 omnia&
1621 1739 1670 1791 ex
1685 1712 1815 1789 omni-

534 1818 632 1904 bus,
659 1830 779 1891 totum
796 1818 843 1891 ad
867 1816 1054 1909 integrum
1070 1816 1109 1889 in
1133 1816 1351 1889 Sunnisheim
1371 1841 1490 1891 marca
1502 1819 1548 1891 de
1571 1816 1652 1913 jure
1667 1838 1752 1889 meo
1770 1817 1815 1891 in

529 1916 591 2015 jus
606 1917 643 1993 δι
659 1917 946 1992 dominationem
960 1915 1071 1991 santti
1095 1916 1245 1993 Nazarii
1262 1918 1358 1992 dono
1381 1933 1491 2016 atque
1516 1917 1733 1993 transfundo
1748 1916 1813 1991 sti·

530 2019 724 2118 pulatione
745 2016 911 2094 subnixa.
965 2016 1104 2094 Attum
1124 2018 1163 2093 in
1187 2018 1404 2094 monasterio
1428 2020 1646 2093 lauresham
1668 2018 1731 2092 sub
1745 2018 1811 2093 die

462 2210 466 2215 ¹
535 2121 574 2197 dc
589 2132 753 2217 tempore
768 2142 839 2216 quo
856 2118 986 2215 supra?
1015 2119 1174 2216 Signum
1188 2119 1317 2195 Hildae
1333 2121 1412 2196 Deo
1426 2120 1597 2209 sacratae„
1611 2142 1697 2216 quae
1710 2120 1810 2194 hanc

536 2220 773 2299 donationem
787 2220 864 2294 fieri
878 2220 1039 2311 rogavit.
1092 2221 1254 2313 Signum
1268 2223 1450 2310 (ὶεῐοίὥ,γ
1464 2222 1675 2313 Ramberti,
1688 2220 1812 2304 Wito·

459 2374 466 2397 a
534 2322 657 2419 gaudi.
711 2318 863 2398 Samuel
877 2316 1028 2417 scripsit.¹

887 2532 889 2537 ⁴
955 2452 1360 2612 noccoxrtxn.

761 2664 940 2756 Donatio
966 2666 1219 2783 Lansuindue
1241 2664 1283 2753 in
1307 2652 1575 2755 'Ulvershrim

344 2844 348 2869 '
488 2915 499 2941 ‚
561 2836 587 2911 ir
604 2830 734 2911 Christi
749 2834 898 2909 nomine
912 2832 977 2909 sub
993 2832 1053 2907 die
1068 2830 1153 2908 idus
1167 2832 1283 2933 Junii,
1298 2856 1395 2909 anno
1408 2830 1515 2906 XIIII
1530 2835 1704 2926 regnante
1718 2834 1808 2933 Pip-

586 2937 672 3037 pino
686 2934 793 3033 reg'e,
818 2960 887 3033 ego
906 2934 1130 3011 Lantsuinda
1142 2937 1238 3009 dono
1253 2933 1302 3008 ad
1322 2933 1482 3009 santium
1508 2932 1577 3007 Dei
1599 2932 1808 3011 Nazarium

536 3054 739 3137 martyrem
754 3038 825 3115 dte.
853 3039 1003 3113 vineam
1029 3057 1155 3111 meam
1178 3035 1219 3109 in
1236 3059 1330 3133 pago
1359 3034 1414 3114 W
1410 3030 1611 3131 ermonense
1631 3034 1671 3108 in
1702 3036 1805 3126 loco,

537 3143 601 3237 qui
623 3156 777 3217 vocatur
805 3140 1063 3224 Uluuernscim,
1089 3137 1127 3213 &
1148 3137 1187 3210 in
1208 3136 1284 3235 ipsa
1303 3148 1408 3211 curte
1428 3136 1524 3209 dono
1545 3159 1620 3209 uno
1653 3136 1806 3212 donario

538 3244 585 3318 de
599 3255 697 3317 terra
720 3242 768 3319 ad
783 3242 967 3337 integrum
984 3262 1009 3313 a
1033 3237 1093 3313 die
1107 3236 1276 3337 praesenti
1291 3238 1338 3312 de
1358 3235 1441 3333 jure
1454 3259 1538 3310 meo
1552 3237 1592 3310 in
1609 3233 1671 3332 jus
1684 3236 1722 3313 δι
1737 3239 1804 3312 do-

537 3340 902 3421 minationemffaniti
928 3340 1080 3416 Nazarii
1093 3342 1207 3427 dono,
1233 3338 1341 3414 trado
1353 3352 1464 3433 atque
1489 3336 1708 3412 transfundo
1720 3350 1803 3436 per·

536 3446 732 3547 petualiter
746 3444 793 3521 ad
807 3442 1081 3543 poffidendum,
1106 3441 1171 3531 ita,
1185 3453 1229 3517 ut
1243 3441 1291 3519 ab
1304 3440 1376 3517 hac
1390 3440 1449 3515 die
1463 3437 1634 3515 habeatis
1639 3458 1721 3615 iffi
1710 3441 1806 3614 dIpa-

577 3755 645 3839 (a)
663 3750 801 3817 Difficile
822 3750 867 3815 est
890 3745 1004 3822 ditm,
1030 3748 1189 3829 quomodo
1210 3765 1311 3831 pagus
1335 3742 1557 3828 Alisazgovia,
1574 3742 1651 3806 alias
1669 3741 1800 3806 Eirene

438 3873 441 3881 ν
504 3848 509 3853 “
581 3843 583 3851 ’
618 3841 711 3923 guvia
725 3836 847 3910 didius,
862 3832 1042 3897 mediumin
1056 3852 1170 3913 pagum
1185 3830 1446 3900 Wormufrensem
1460 3828 1629 3913 irrepserit,
1645 3846 1719 3890 cum
1736 3848 1799 3911 qun

618 3926 697 3994 nihil
711 3924 820 4004 plane,
835 3918 893 3982 'nisr
909 3914 1056 3981 dioecefin
1072 3916 1326 3992 ecclefiastioam,
1346 3917 1443 3981 habet
1465 3934 1638 3979 commune.
1662 3913 1802 3977 Sunnis-

616 4010 702 4073 heim
718 4026 802 4071 nunc
818 4002 982 4073 Sinzkeim
995 4012 1141 4080 vocatur,
1162 4002 1355 4071 notiffunum
1367 4003 1562 4069 Palatiuatus
1578 3999 1617 4063 td
1636 3994 1804 4065 Elisatiam

613 4092 777 4170 oppidum.
