3959 5359
56 3694 477 3890 infimum

408 751 413 762 ’
518 772 723 890 rrffnmiub
736 772 794 858 die
816 772 856 849 &
872 784 1040 872 ternpore
1053 796 1127 875 quo
1143 776 1260 876 supra.
1312 772 1472 873 Signum
1496 769 1736 853 Hachmunti
1764 770 1810 850 &

520 878 687 974 conjugis
706 873 787 972 ejus
812 875 1056 968 irminhiltae,
1083 880 1149 978 qui
1161 879 1259 957 hanc
1284 878 1521 963 demtionem
1538 877 1616 957 fieri
1640 898 1809 975 rogave·

519 996 621 1066 runt
646 976 841 1059 Richbodo
856 976 1004 1094 scripsit.

742 1198 958 1322 sDonatto
984 1098 1270 1333 Noriiffrtliloin
1299 1232 1426 1323 eodem
1454 1234 1554 1326 vico.

519 1406 623 1543 Ego
634 1396 674 1476 in
698 1397 768 1475 Dei
788 1399 938 1476 nomine
962 1399 1183 1477 Nortbertus
1210 1401 1307 1478 dono
1327 1402 1377 1479 ad
1401 1401 1563 1479 santium
1589 1398 1810 1479 Nazarium

600 1516 802 1599 martyrem
819 1502 891 1579 &o
907 1525 987 1577 rem
1006 1526 1129 1581 meam
1142 1504 1182 1580 in
1196 1526 1291 1603 pago
1309 1506 1492 1583 Wormat.
1510 1506 1550 1580 in
1571 1502 1811 1579 Durintheim

519 1626 647 1684 marca
661 1628 775 1681 onam
800 1606 977 1704 petiolam
989 1606 1038 1707 tie
1054 1606 1160 1683 vinea
1181 1608 1278 1685 dono
1291 1622 1401 1705 atque
1426 1605 1645 1685 transfundo
1665 1628 1813 1704 perpe·

519 1709 672 1787 maliter
690 1706 1001 1808 adpoffidendum
1025 1707 1255 1808 stipulatione
1274 1710 1438 1787 subnixa.
1491 1706 1630 1784 Attum
1655 1705 1695 1780 in
1714 1728 1813 1779 mo·

392 1807 401 1823 '
520 1810 675 1888 nasterio
700 1805 899 1910 Laurrffam
919 1809 983 1886 sub
999 1811 1076 1900 die,
1102 1836 1200 1889 anno
1216 1829 1349 1910 quarto
1369 1812 1515 1893 decimo
1533 1806 1637 1905 regni
1654 1804 1810 1883 domini

520 1912 630 1989 nostri
654 1912 782 1987 Karoii
796 1914 906 2010 regis.
958 1912 1116 2010 Signum
1134 1915 1342 2008 Nortberti,
1369 1915 1433 2017 qui
1444 1914 1543 1993 hanc
1557 1908 1809 1990 donationem

519 2012 602 2096 fieri
623 2013 780 2113 rogavit
832 2016 1035 2095 Donadeus
1058 2016 1204 2119 scripfit.
1567 2044 1574 2049 ·

1082 2220 1253 2315 ΜΧΙΠ.
1497 2292 1499 2301 J

782 2347 966 2444 Donatio
990 2352 1186 2443 Betdom's
1214 2352 1258 2445 in
1286 2353 1414 2445 eorem
1442 2352 1541 2443 vico.

451 2491 467 2531 ‘⁵
574 2516 675 2609 goin
700 2512 769 2589 Dei
784 2516 934 2589 nomine
960 2516 1082 2589 Betdo
1102 2518 1199 2589 dono
1226 2518 1274 2589 ad
1289 2518 1450 2590 sannam
1476 2512 1676 2589 Nazarium
1697 2530 1809 2589 mar·

459 2676 462 2691 .
596 2627 719 2711 tyrem
729 2611 800 2688 &o
827 2632 908 2688 rem
923 2636 1048 2689 meam
1064 2615 1100 2688 in
1115 2636 1209 2711 pago
1235 2610 1493 2693 Wormatienii
1508 2613 1548 2687 in
1573 2613 1806 2688 Durinrhrim

307 2708 312 2716 ’
431 2756 478 2777 ··
516 2738 663 2804 marca,
688 2736 804 2800 unam
819 2712 968 2790 vineam
984 2738 1007 2789 a
1021 2714 1080 2788 die
1096 2714 1270 2813 praeiente
1284 2714 1400 2802 dono,
1426 2714 1533 2789 trado
1547 2726 1660 2809 atque
1674 2730 1805 2791 trans·

515 2818 632 2893 fundo
653 2813 915 2916 perpetualiter
927 2818 976 2890 ad
994 2814 1241 2914 poffidendnm
1262 2814 1491 2912 stipulatione
1511 2814 1677 2891 subnixo„
1716 2812 1803 2891 Ac·

515 2931 600 3001 tum
613 2920 651 2993 in
668 2916 883 2992 monasterio
897 2912 1096 3017 Lourrffam
1112 2918 1173 2993 sub
1188 2918 1259 3005 die,
1278 2940 1375 2991 anno
1391 2916 1423 2991 Il
1438 2916 1579 2992 domini
1594 2914 1704 2991 nostri
1717 2916 1802 2991 Ka·
1957 2972 1958 2985 r

515 3019 586 3094 roli
606 3020 716 3117 regis.
766 3019 926 3117 Signum
951 3020 1149 3110 Bettonis,
1176 3020 1242 3121 qui
1262 3018 1361 3097 hanc
1385 3020 1625 3099 donationem
1650 3015 1731 3096 fieri
1756 3013 1801 3095 &

514 3118 656 3201 firmari
670 3122 829 3220 rogavit.

1068 3220 1243 3318 MXlV.

714 3288 718 3297 Ι
756 3344 939 3443 Donatt'o
966 3350 1194 3471 Anglrilulfi
1219 3350 1260 3437 in
1287 3350 1417 3438 eadem
1443 3347 1553 3441 villa.

516 3526 620 3658 Ego
645 3514 890 3615 Anghilulfus
906 3520 1003 3595 douo
1028 3540 1094 3618 pro
1109 3515 1245 3631 anjmae
1264 3540 1359 3596 mene
1379 3516 1540 3595 remedio
1560 3512 1608 3592 ad
1627 3510 1796 3592 santium
1955 3550 1956 3619 3

599 3622 666 3696 Dei
682 3623 885 3699 Nazarium
901 3639 1103 3719 martyrem
1122 3620 1192 3699 &o
1221 3620 1256 3695 in
1274 3646 1371 3720 pago
1384 3616 1640 3703 Wormatienfi
1655 3618 1694 3693 in
1709 3618 1794 3692 Du·

490 3798 500 3829 ¹
518 3723 678 3799 rincheim
699 3724 1063 3813 marchodinridium
1080 3724 1248 3799 mansum
1267 3746 1288 3799 a
1305 3724 1365 3799 die
1380 3724 1551 3823 praesente
1565 3722 1674 3810 dono,
1684 3720 1795 3797 trado

485 3880 490 3890 .
517 3838 632 3922 atque
648 3817 864 3900 trinsiundo
879 3826 919 3899 in
943 3826 1013 3901 Dei
1034 3828 1181 3903 nornine
1197 3828 1456 3925 perpetualiter
1471 3827 1520 3902 ad
1543 3824 1792 3925 poffidendum

515 3924 750 4025 stipulatione
770 3926 936 4002 subnixa.
989 3926 1180 4005 nnumin
1207 3930 1243 4003 in
1265 3928 1482 4005 monasterio
1506 3924 1706 4026 Lourrffam
1725 3924 1791 4015 sub

484 4104 488 4111 .
516 4026 576 4105 die
597 4030 637 4110 δι
659 4044 850 4132 tempore,
888 4052 985 4110 auno
1008 4031 1196 4133 Xllregni
1219 4030 1362 4109 domiui
1385 4030 1495 4111 nostri
1517 4028 1791 4212 pippinpffiis·

1098 4178 1102 4187 .
1164 4178 1168 4185 .
1608 4152 1646 4229 lg
