3959 5359
586 471 641 531 ru
667 470 802 528 enno
828 450 1067 535 Wonrrnn.
1433 468 1466 553 g

664 750 979 841 DCCCXXIH.

446 880 627 973 Duratio
655 876 891 969 Liutdradis
923 876 990 971 W
982 877 1188 969 ormacr'ae.

186 1048 293 1195 Ego
319 1048 497 1123 Liutdrat
511 1046 605 1120 dono
618 1046 663 1119 ad
684 1043 843 1119 santium
858 1058 1061 1141 martyrem
1076 1043 1303 1130 Nuntium,
1328 1042 1392 1139 qui
1406 1064 1460 1117 re·

160 1232 166 1241 ,
268 1150 429 1247 quiescit
444 1150 481 1223 in
495 1172 588 1245 pago
602 1144 754 1231 Rinenfi,
770 1146 807 1219 in
823 1148 1060 1233 monasterio,
1074 1147 1174 1245 quod
1188 1159 1342 1220 vocatur
1362 1144 1460 1217 Lau·

187 1252 361 1339 resham,
388 1251 448 1325 ubi
464 1250 520 1323 vir
540 1246 753 1321 venerabilis
781 1244 1006 1343 Adalungus
1029 1248 1125 1323 abba
1140 1244 1286 1345 praeeffe
1300 1244 1458 1329 videtur,

184 1349 366 1449 jvineam
392 1352 430 1423 in
459 1348 679 1435 Wormacia,
722 1358 766 1421 ut
788 1350 835 1422 ad
870 1350 990 1445 ipsum
1017 1350 1141 1439 iocum
1163 1346 1324 1422 fandum
1355 1342 1459 1420 omni

187 1466 351 1551 tempore
365 1449 532 1549 proficiat
546 1449 584 1523 in
599 1465 843 1545 augmentum
865 1450 1097 1549 stipulatione
1115 1447 1278 1526 subnixa.
1319 1446 1458 1524 Adtum
1484 1496 1489 1503 -

187 1554 242 1629 ΠΙ
266 1552 440 1629 kalendas
474 1550 663 1638 Otiobris‚
689 1564 787 1625 anno
813 1550 938 1628 XVlli
966 1550 1068 1645 regni
1091 1551 1227 1626 domini
1251 1546 1460 1625 Ludouuici
1486 1556 1652 1648 ausone*

186 1654 427 1753 imperatoris.
483 1652 639 1749 Signum
655 1652 890 1740 Liutdradis,
916 1652 1102 1749 Rutwigi,
1125 1652 1320 1731 Ruthardi.
1370 1649 1458 1731 Art-

186 1756 322 1833 uuinus
345 1752 492 1857 scripsit.

452 1940 457 1953 .
674 1854 997 1951 DCCCXXIV.

300 1982 483 2075 Donatio
509 1982 743 2095 Adelgozzi
756 1984 808 2081 Ei
837 1983 1041 2077 Cunzorrr's
1069 1983 1110 2071 in
1136 1982 1341 2107 Merisqir.

186 2162 240 2288 ln
254 2149 388 2226 Christi
409 2149 558 2223 nomine
573 2172 644 2243 ego
670 2146 837 2245 Adelgoz
853 2151 890 2227 dt
903 2154 1036 2227 Gnnzo
1058 2153 1194 2248 pariter
1212 2152 1396 2225 donamus
1412 2150 1462 2225 ad

245 2248 507 2320 monasterium
518 2247 782 2329 namnam,
807 2248 878 2319 sive
894 2252 943 2320 ad
957 2252 1122 2321 santium
1143 2249 1374 2333 Nazarinm,
1399 2248 1465 2341 qiti

190 2346 333 2422 ibidem
357 2342 575 2439 requiescit,
604 2341 643 2416 dr
660 2342 925 2417 Gundeiandus
951 2345 1010 2419 vir
1030 2345 1249 2419 venerabilis
1263 2345 1358 2420 abba
1371 2367 1465 2442 prae·

190 2446 263 2522 effe
288 2445 436 2519 videtur
459 2464 546 2517 cum
570 2442 677 2517 turba
710 2442 869 2539 piurima
889 2446 1186 2531 monachorum,
1213 2445 1462 2541 donatumque

188 2548 230 2624 in
245 2558 461 2647 perpetuum
487 2541 556 2619 effe
582 2544 757 2618 volumus
782 2543 1097 2644 &promptissima
1114 2547 1307 2623 voluntate
1329 2546 1460 2626 confir·

187 2671 364 2737 mamus,
390 2647 461 2721 hoc
475 2644 543 2733 est,
568 2644 710 2745 inpage
741 2642 991 2753 Wormacenst‚
1018 2648 1058 2723 iu
1082 2644 1251 2745 Merischc
1273 2674 1297 2727 v
1317 2646 1455 2745 jurnai

186 2753 234 2827 de
249 2749 551 2835 terminatum,
578 2746 642 2843 &j
670 2747 845 2847 petiolum
871 2750 965 2849 prati
983 2750 1034 2824 ad
1057 2750 1249 2825 dimidiam
1263 2751 1456 2827 carradam

187 2852 287 2939 feni,
312 2852 382 2927 has
404 2874 462 2925 res
479 2848 631 2925 tradidit
650 2850 757 2925 nobis
783 2852 928 2931 Wiliiia
942 2874 1060 2927 manu
1075 2852 1308 2951 potestativa,
1332 2868 1375 2929 ut
1389 2874 1456 2953 pro

186 2949 406 3045 animaejus
427 2952 656 3029 traderemus
672 2952 894 3029 adientium
912 2954 958 3031 N.
987 2956 1087 3052 quod
1104 2953 1206 3031 ita&
1223 2954 1397 3042 facimuS,
1412 2966 1457 3029 ut

188 3052 238 3129 ab
253 3051 324 3124 hac
337 3052 396 3124 die
421 3052 601 3151 adipsum
619 3053 740 3128 locum
754 3054 914 3130 saniium
931 3057 991 3131 vei
1009 3056 1215 3151 adagentes
1230 3054 1338 3155 ipsius
1354 3055 1457 3129 omni

188 3164 357 3247 tempore
372 3151 560 3245 proficiant
582 3153 621 3228 in
644 3156 854 3257 augmentis
869 3157 1101 3256 stipulatione
1118 3158 1285 3233 subnixa.
1321 3155 1458 3234 Atium

192 3254 234 3330 in
249 3246 467 3325 monasterio
492 3253 700 3327 Laurrshum
716 3258 785 3330 Vll
800 3257 881 3332 idus
898 3256 1012 3353 maji,
1037 3282 1134 3333 anno
1148 3260 1165 3335 1
1191 3260 1293 3354 regni
1318 3258 1460 3333 domini
1495 3274 1527 3339 9·
1545 3250 1620 3340 Μ

190 3350 301 3431 nostri
327 3348 455 3425 Karoii
472 3348 585 3441 regis.
618 3351 772 3444 Signum
799 3354 974 3453 Adelgoti
988 3358 1028 3431 dr
1049 3360 1257 3444 Gunzonis,
1282 3360 1347 3452 qui
1363 3360 1460 3431 hanc

190 3452 431 3532 donationem
451 3450 648 3534 fecerunt,
673 3451 838 3523 Bubonis
858 3454 897 3525 ἂ
924 3456 1102 3529 Diemeri.
1153 3458 1306 3531 Samuel
1320 3454 1465 3553 scripsit.

678 3631 984 3727 Doccxxv.

431 3760 613 3854 Duratio
640 3762 874 3877 Manegoldi
902 3764 942 3851 in
969 3766 1098 3853 eadem
1124 3764 1231 3859 villa.

190 3876 294 4072 ¹Ego
316 3926 562 4045 Manegoidus
585 3954 652 4029 pro
675 3916 839 4049 remedio
855 3932 989 4050 enimae
1006 3958 1100 4053 mete
1120 3900 1216 4013 dono
1237 3934 1460 4055 adiendum

271 4029 474 4111 Nazanum
498 4046 731 4159 martyrem,
759 4057 822 4135 qur
845 4036 1083 4221 qulesmtm
1103 4062 1457 4227 corporemstrgrgga·
