3959 5359
233 550 373 657 pugo
409 518 665 655 Rigorr’nsr.
718 510 991 623 Confirmat
1022 514 1225 619 nostram
1254 520 1512 629 lectionem

239 716 341 853 ipse
351 712 663 825 Gotireiridus
677 702 916 833 Bess'eiius',
934 711 1223 842 digniffimus
1232 720 1351 821 oiim
1367 717 1506 829 Gott-
1544 840 1558 857 „

188 901 192 907 ’
241 896 449 1017 viceniis
478 916 659 1033 abbam,
691 918 717 1035 (
727 914 795 1038 b)
823 916 904 1045 qui
928 942 1046 1015 vero
1067 916 1359 1016 vocabulum
1384 922 1504 1025 illud

238 1104 485 1243 Rigorirrse
514 1112 574 1217 ad
598 1110 808 1214 iediionis
834 1104 881 1211 T
880 1100 1197 1237 egemseenfis
1214 1126 1431 1213 mentem
1445 1114 1506 1219 de

160 1318 164 1325 '
237 1334 371 1438 pago
401 1304 635 1409 Rhenenfi
670 1310 1017 1443 interpretatus
1054 1302 1154 1426 est,
1181 1304 1406 1411 audacter
1428 1312 1504 1413 ni·

234 1505 360 1621 mis,
387 1504 489 1612 imo
514 1502 775 1625 faifissime,
801 1508 875 1606 uti
899 1504 951 1604 in
977 1505 1094 1641 pagi
1125 1502 1388 1607 Rhenensrs
1414 1506 1501 1611 de·

228 1694 517 1833 scriptione,
554 1698 761 1807 fecundo
799 1700 1017 1802 adiutum
1057 1700 1318 1805 academiae
1346 1702 1499 1835 hujus

227 1897 464 1998 uolumini
493 1900 711 2033 proxime
746 1890 1024 2020 inserenda,
1051 1897 1315 2004 docebitur.

118 2252 130 2263 ’
306 2273 648 2424 Gedgraphieo
678 2293 794 2395 huic
815 2292 1074 2459 iphaimati
1095 2299 1295 2484 unicum
1326 2296 1503 2422 addere

226 2486 366 2587 liceat
398 2485 826 2615 chronologicum,
864 2484 1257 2623 quodpag0133
1290 2498 1497 2596 occurrit

222 2689 275 2787 in
301 2718 431 2789 anno
448 2688 790 2825 incarnationis
816 2681 961 2834 Dum.
988 2680 1380 2809 1100οΟ01111,
1408 2690 1493 2795 ubi

221 2880 547 3019 supplendum
583 2878 674 2987 effe
695 2910 965 3033 ¹numerum
995 2882 1288 3004 denarium,
1326 2887 1493 3016 legen·

223 3078 433 3207 dumque
467 3074 892 3200 DCCCCLXHIL
924 3077 1056 3182 redte'
1088 3082 1283 3212 quidem
1321 3110 1493 3184 mone·

220 3288 336 3391 tur,
390 3287 442 3369 at
465 3298 637 3369 naeuus
675 3275 753 3374 hie
793 3280 921 3377 male
955 3279 1225 3408 imputatur
1265 3294 1493 3405 autogra-

153 3542 159 3551 .
220 3466 325 3603 pho
352 3542 366 3586 ‚
402 3458 726 3599 imputandus
757 3460 840 3563 soii
872 3460 1147 3591 descriptori
1169 3473 1272 3591 ejus
1304 3462 1496 3569 Gottvi·

223 3660 366 3763 ee'nfi.

778 3833 870 3936 b'2
1108 3906 1112 3913 -
1273 3830 1420 3940 Mitti-

263 4136 335 4223 (b)
356 4138 473 4207 Prodr.
489 4138 595 4205 cirron.
619 4138 760 4205 Gottwic.
780 4148 857 4223 part.
871 4138 915 4213 11,
933 4154 1010 4251 pag.
1032 4154 1095 4224 743
1110 4136 1145 4204 dc
1155 4156 1229 4224 745.
1300 4168 1305 4175 ·
