3959 5359
591 364 650 421 nr
676 362 806 421 rada
827 340 1073 424 worma.
1142 348 1145 355 ⁴
1420 345 1470 439 ⁶3

178 646 281 721 dono
294 644 367 723 dre.
419 643 560 721 Adrum
574 644 615 719 in
629 640 848 719 monasterio
871 636 1068 738 lauressam
1084 636 1146 715 sub
1161 636 1222 713 die
1238 632 1277 713 ἃ
1292 650 1462 739 tempore

178 772 259 845 quo
275 748 397 847 supra.
450 746 613 844 Signum
627 744 851 842 Teutgardi,
876 744 941 842 qui
952 741 1048 821 hanc
1062 740 1298 821 donationem
1310 742 1395 821 fieri
1420 740 1461 821 δι

177 849 504 947 firmarirogavit.
557 848 713 927 Samuel
725 844 872 947 scripsit
979 905 985 918 ,
1096 908 1108 929 .
1363 906 1371 915 .

612 1044 1048 1141 DCCCCLXXVIII·

436 1181 614 1275 Dormio
640 1179 864 1273 Haiwindi
890 1178 934 1305 irr
962 1177 1091 1266 eodem
1118 1174 1217 1267 vico.

206 1369 235 1424 n
257 1346 392 1426 Christi
410 1351 559 1429 nomine
576 1348 641 1426 sub
664 1348 725 1424 die
757 1348 812 1425 ΙΙΙ
834 1366 956 1423 nonas
982 1341 1108 1445 Junii,
1134 1366 1230 1419 anno
1261 1344 1334 1427 XV
1355 1348 1462 1449 regni
1498 1348 1622 1435 dium

134 1461 137 1465 ’
233 1453 382 1550 Pippini
403 1455 524 1550 regis,
549 1477 619 1549 ego
644 1451 806 1528 Hairuin
833 1470 900 1549 pro
927 1446 998 1521 Dei
1012 1444 1148 1521 intuitu
1171 1445 1209 1523 δι
1234 1470 1298 1546 pro
1324 1452 1461 1533 animae

170 1574 275 1628 meae
290 1557 456 1629 remedio
470 1578 537 1655 per
556 1557 654 1631 hanc
675 1552 869 1629 kartulam
891 1548 1102 1625 donationis
1123 1547 1220 1624 dono
1234 1550 1283 1625 ad
1299 1550 1462 1633 santium

170 1652 385 1730 Nazarium
400 1671 609 1754 martyrem
622 1655 694 1733 &a
723 1656 873 1732 vineam
888 1674 1016 1727 meam
1029 1650 1067 1725 in
1083 1672 1180 1749 pago
1206 1650 1464 1733 Wormatienii

168 1753 211 1829 in
235 1756 510 1845 Vthrishcim
530 1781 686 1846 marca,
714 1757 813 1833 adie
828 1754 1003 1852 praesente
1025 1752 1071 1826 de
1091 1750 1173 1846 jure
1188 1774 1273 1853 mee
1298 1753 1338 1829 in
1346 1752 1409 1849 jus
1422 1754 1462 1834 dr

169 1856 473 1945 dominationem
498 1860 611 1936 ianiti
625 1858 776 1935 Nazarii
790 1857 887 1932 dono
902 1852 975 1931 ac.
1029 1850 1167 1927 Arium
1182 1852 1219 1929 in
1241 1856 1459 1935 monasterio

167 1954 381 2059 laurcffmn
399 1961 464 2037 sub
479 1962 540 2036 die
555 1960 593 2037 dr
608 1975 800 2059 tempore,
826 1980 904 2055 quo
919 1954 1035 2053 supra.
1089 1954 1245 2051 Signum
1271 1957 1456 2050 Hairvini,

166 2059 238 2157 qui
250 2060 359 2139 hanc
373 2061 613 2140 donationem
626 2062 707 2137 fieri
722 2060 761 2139 dc
776 2058 916 2135 firmari
930 2054 1089 2153 rogavit.
1140 2056 1291 2137 Samuel
1307 2058 1456 2162 scripsrt.

630 2255 1032 2348 DCCCCLXXIX.
1073 2324 1080 2340 .

427 2384 845 2521 Donatiol'Folcrichi
865 2387 910 2475 in
928 2352 1064 2477 'eadem
1092 2386 1199 2477 vida.

163 2562 219 2694 1¹¹
233 2551 376 2672 cmm
397 2556 550 2631 nomine
568 2556 636 2673 rub
651 2555 781 2661 <aem
794 2554 973 2631 kalendas
999 2528 1454 2673 Junri,·ai1niv1<arori
1491 2544 1625 2635 saud

218 2679 348 2752 regis,
373 2680 442 2753 ego
457 2656 625 2733 Foicrrch
645 2659 744 2734 dono
759 2656 807 2731 ad
818 2656 978 2735 fandum
1006 2658 1210 2735 Nazarrum
1232 2672 1453 2756 martyrem,
1785 2682 1794 2701 ·

164 2756 239 2836 &a
270 2781 351 2835 rem
366 2761 498 2835 meam
523 2761 562 2836 in
584 2785 681 2860 pago
707 2760 851 2845 Worm.
875 2758 918 2835 in
952 2758 1216 2837 VVintrisieim
1241 2784 1380 2839 marca
1396 2760 1452 2838 vi·

163 2884 290 3037 aa?
316 2864 725 3040 mmiffemafiier·
739 2862 788 2949 ad
809 2861 1082 2964 poffidendum,
1109 2860 1342 2966 stipulatione
1366 2862 1449 2945 sub·

269 3011 280 3034 ·
534 2988 646 3043 mona
674 2988 765 3041 erro.
1200 3030 1205 3039 .

625 3092 1012 3255 mercem.
1342 3116 1348 3129 ’
1448 3236 1475 3285 ,

430 3302 612 3399 Horatio
637 3306 837 3417 Baltricii
865 3309 907 3394 ir
935 3309 1060 3395 eodem
1088 3308 1189 3397 vico.

166 3479 273 3608 Ego
294 3470 333 3547 in
357 3471 427 3547 Dei
453 3468 607 3547 nomine
631 3468 821 3554 Bermm,
847 3470 944 3565 quod
971 3471 1064 3547 mihi
1088 3470 1240 3547 tradidit
1264 3470 1425 3549 Tancrat
1436 3522 1451 3562 ‚
1605 3516 1616 3527 ae
1776 3537 1781 3545 .

253 3573 350 3647 dono
366 3575 414 3648 ad
427 3572 593 3649 sancium
607 3571 678 3647 Dei
697 3566 900 3647 Nazarium
921 3584 1127 3667 martyrem
1135 3570 1207 3650 &a
1232 3594 1310 3647 rem
1326 3594 1450 3651 meam

166 3674 210 3749 in
234 3696 331 3771 pago
356 3675 544 3752 Wormat.
559 3673 598 3748 in
625 3672 891 3749 VWntrr'sireim
907 3690 1035 3749 marca
1058 3692 1174 3748 unum
1188 3671 1378 3770 'jurnalem
1403 3676 1451 3753 de

165 3787 269 3850 terra
283 3775 415 3851 arabili
431 3800 455 3853 a
470 3775 534 3851 die
547 3774 721 3873 praesente
745 3776 861 3865 dono,
887 3774 1120 3873 traduntque
1137 3776 1447 3879 tmnsmndoper-
1468 3799 1474 3809 ’

163 3876 368 3989 pemaiiter
400 3879 451 3959 ad
475 3876 727 3985 poffidendum
739 3876 830 3977 &cr
863 3875 1004 3961 Adam
1034 3878 1078 3961 in
1100 3878 1318 3961 monasterio
1349 3880 1445 3956 dae·

1273 3971 1394 4087 reffert
1432 3970 1443 3979 ’
