3959 5359
360 554 369 561 ἡ
471 456 525 551 7⁶
921 430 1305 536 Taaonrnouus‘

365 728 370 738 ’
475 749 679 868 rrffom.snb
692 750 751 835 die
772 747 811 827 δι
829 762 996 850 tempore
1010 776 1083 853 quo
1099 754 1215 854 supra.
1269 751 1428 853 Signum
1452 750 1686 833 Hachmunti
1709 752 1751 833 δι

477 855 649 972 conjugis·
663 850 744 948 ejus
769 852 988 970 irminhiltae
1000 909 1012 946 ,
1038 858 1105 956 qui
1117 857 1215 935 hanc
1239 858 1477 941 donationem
1495 857 1572 937 fieri
1596 879 1750 957 rogave·

476 972 577 1042 runt.
603 953 798 1035 mennodo
812 952 960 1057 scripsit.

1030 1078 1180 1171 MXII.

698 1175 705 1183 Δ
733 1204 915 1299 Donatio
940 1208 1156 1313 Nortberti
1183 1207 1226 1300 in
1255 1212 1383 1303 eodem
1410 1214 1510 1305 vico.

475 1374 630 1520 Egoin
655 1373 724 1452 Dei
745 1376 894 1452 nomine
919 1376 1138 1456 Nortbertus
1165 1378 1262 1456 dono
1283 1382 1332 1458 ad
1357 1381 1519 1459 santium
1545 1380 1750 1460 Nazarium

557 1494 759 1576 martyrem
775 1478 847 1556 &o
864 1502 943 1554 rem
961 1503 1085 1557 meam
1098 1482 1137 1558 in
1151 1506 1246 1581 pago
1264 1486 1447 1561 Wormat.
1466 1485 1506 1559 in
1526 1484 1751 1561 Durincim‘m

476 1602 604 1660 marca
618 1604 731 1658 unam
757 1584 931 1682 petiolum
946 1583 994 1683 (ie
1009 1584 1116 1661 vinea
1136 1585 1233 1663 dono
1247 1602 1357 1685 atque
1382 1586 1600 1664 transfundo
1621 1607 1753 1684 perpe·

475 1686 628 1763 naliter
646 1684 956 1784 adpossidendum
979 1684 1210 1786 stipulatione
1229 1690 1394 1766 subnixa.
1447 1685 1585 1764 Attum
1610 1686 1650 1761 in
1668 1708 1754 1759 mo·

348 1784 357 1799 '
476 1786 631 1865 nasterio
656 1785 855 1888 Mureffam
874 1785 1032 1877 subdio,
1059 1812 1155 1866 anno
1172 1808 1305 1888 quarto
1325 1792 1471 1871 decimo
1487 1788 1592 1884 regni
1609 1784 1751 1862 domini

476 1888 587 1965 nostri
610 1889 738 1964 Karoli
752 1891 861 1987 regis.
913 1888 1072 1985 Signum
1090 1893 1299 1988 Nortberti,
1325 1894 1499 1995 qnuhanc
1514 1888 1751 1970 donationem

475 1988 557 2071 fieti
578 1989 735 2088 rogavit
788 1992 990 2071 Donadeus
1012 1992 1160 2096 scripsit.
1522 2023 1531 2029 ·

1037 2196 1209 2291 ΜΧΠΙ.

738 2321 921 2417 Donotio
945 2326 1142 2419 Betdonis
1170 2330 1214 2423 in
1242 2330 1371 2423 eodem
1398 2330 1498 2423 nico.

407 2482 423 2508 ⁴
474 2488 631 2631 Egoin
655 2489 726 2569 Dei
740 2494 890 2570 nomine
914 2494 1037 2571 Betdo
1056 2495 1153 2570 dono
1181 2496 1405 2571 adientium
1432 2491 1631 2569 Nazarium
1652 2509 1753 2569 mar·

264 2686 269 2695 Ι
415 2656 419 2670 .
552 2610 674 2691 tyrem
684 2593 756 2672 &o
783 2617 864 2672 rem
879 2618 1002 2670 meam
1018 2595 1055 2669 in
1069 2618 1164 2693 pago
1189 2592 1447 2675 Wormatiensr
1463 2593 1504 2668 in
1528 2594 1751 2669 Durinrheim

389 2736 398 2746 ·
422 2736 434 2757 ·
472 2717 619 2785 marca,
644 2722 759 2787 unam
775 2700 923 2775 vineam
939 2697 1035 2772 adie
1049 2695 1223 2793 praesente
1238 2696 1354 2783 dono,
1380 2695 1487 2770 trado
1501 2708 1615 2792 atque
1629 2709 1750 2770 trans·

471 2798 588 2875 fundo
609 2800 869 2901 perpetualiter
881 2801 931 2874 ad
946 2796 1195 2895 poffidendum
1214 2796 1444 2893 stipulatione
1463 2796 1630 2893 subnixa.
1670 2794 1749 2871 Ac·

471 2914 556 2985 tum
569 2904 607 2979 in
624 2902 837 2978 monasterio
851 2894 1049 2997 Laureffam
1065 2897 1127 2974 sub
1142 2900 1212 2987 die,
1230 2922 1328 2973 anno
1345 2898 1376 2972 ll
1392 2897 1534 2974 domini
1549 2896 1658 2973 nostri
1670 2896 1748 2970 iia·

471 3004 542 3078 roii
562 3006 671 3101 regis.
721 3001 879 3099 Signum
904 3000 1103 3091 BettoniS,
1129 3002 1195 3103 qui
1215 3000 1314 3077 hanc
1338 3000 1579 3080 donationem
1604 2996 1684 3077 fieri
1708 2994 1748 3076 &

470 3102 781 3203 firmarirogavit.
1022 3200 1180 3297 MXIV

667 3267 671 3277 Ι
709 3326 891 3425 Duratio
919 3330 1148 3451 Arghilulfi
1172 3331 1214 3419 in
1241 3331 1371 3420 eadem
1397 3330 1506 3422 villa.

470 3510 573 3641 Ego
598 3498 844 3621 ringhiiuIius
860 3502 957 3577 dono
981 3522 1050 3600 pro
1064 3499 1199 3619 animae
1218 3522 1313 3577 meae
1333 3497 1493 3576 remedio
1509 3494 1561 3615 ad
1581 3454 1746 3616 santium
1834 3486 1838 3491 ’

553 3606 621 3679 Der
637 3609 840 3683 Nazarrum
854 3620 1058 3702 martyrem
1076 3604 1147 3682 &u
1175 3626 1211 3678 rn
1229 3627 1325 3702 pago
1338 3598 1594 3683 Wormatrenfi
1610 3622 1648 3674 tn
1663 3600 1746 3673 Du·

24 3673 139 3846 Μ
208 3700 455 3825 stum*
472 3706 633 3783 rinrhrim
646 3707 1018 3821 ‘marchadimidium
1036 3707 1202 3784 mansum
1221 3730 1243 3781 a
1259 3707 1319 3783 die
1334 3706 1506 3821 praesente
1519 3700 1746 3791 dono‚trado

51 3777 59 3827 ⁸
182 3800 192 3841 '
439 3862 445 3873 .
472 3822 586 3905 atque
602 3810 819 3923 transfundo
834 3809 873 3883 in
899 3810 968 3884 Dei
988 3809 1135 3887 nomine
1152 3811 1410 3908 perpetualiter
1426 3807 1473 3884 ad
1497 3804 1745 3907 poffidendum

469 3907 705 4025 stipulatione
725 3910 891 3984 subnixa.
944 3908 1079 3986 Attum
1097 3912 1134 3987 in
1161 3913 1198 3986 in
1220 3911 1436 3988 monasterio
1460 3904 1659 4023 W‘ffiim
1678 3903 1744 4023 sub

471 4010 530 4087 dre
552 4010 592 4092 δι
613 4026 778 4113 tempore
790 4064 804 4104 ‚
842 4034 939 4093 anno
962 4012 1151 4114 Xllregru‘
1174 4014 1316 4092 domini
1339 4012 1450 4095 nostri
1475 4012 1616 4192 Pipprur
1632 4026 1745 4101 regis·

1053 4158 1057 4169 ·
1119 4160 1123 4165 ·
1562 4130 1694 4210 ignum
