3959 5359
549 386 556 393 ’
586 388 800 451 retento
824 365 1071 454 Woauar.
1422 374 1471 473 63

188 681 274 757 baim
297 706 427 761 marca
451 705 573 759 unum
597 680 773 759 mansum
793 701 879 755 curn
904 678 1003 753 omni
1019 676 1197 765 aedilicio,
1224 676 1264 755 &
1281 702 1396 757 unam
1412 678 1469 755 vi·
1888 660 1941 839 Γ

186 808 319 873 neam,
346 810 432 884 quae
443 783 545 883 jacet
566 782 678 880 juxta
692 780 887 869 mansum,
913 779 1089 856 &unum
1116 780 1288 871 servum,
1316 782 1469 859 nomine
1540 738 1800 869 (illm
1835 770 1868 825 ⁴

189 887 395 977 Ratleich,
420 887 486 986 qui
508 885 648 985 inipso
674 884 1033 970 mansoconmanet,
1058 904 1244 959 unacum
1268 884 1469 983 pecculiari
1561 874 1754 993 &aava
1780 940 1803 967 e.

192 988 287 1077 luo,
311 1002 509 1088 totumque
522 990 572 1066 ad
584 989 769 1083 integrum
791 986 889 1063 adie
912 984 1088 1085 praesente
1106 981 1246 1078 dejure
1262 984 1469 1082 meoinjns
1940 1012 1941 1019 ¹

188 1088 229 1167 &
243 1092 540 1168 dominationem
554 1090 662 1167 santii
686 1090 833 1166 Nazarii
850 1090 965 1175 dono,
991 1086 1101 1163 trado
1116 1100 1229 1181 atque
1247 1086 1469 1163 transfundo

184 1195 453 1291 perpetualiter
476 1195 524 1270 ad
560 1191 804 1292 possidendum
838 1189 1073 1291 stipulatione
1106 1186 1269 1267 subnixa.
1327 1186 1467 1266 Attum

184 1293 228 1369 in
256 1296 473 1372 monasterio
495 1292 691 1393 Lauriffam
714 1293 778 1371 sub
812 1293 873 1369 die
896 1292 984 1373 Vlll
1011 1292 1096 1367 idus
1128 1291 1341 1381 Februarii,
1367 1316 1465 1371 anno
1494 1296 1528 1367 6.
1542 1296 1629 1367 Febr.

183 1394 367 1473 XXXllll
391 1397 516 1473 Karoli
542 1396 786 1497 imperatoria.
839 1396 1002 1493 Signum
1034 1392 1246 1483 Fricconis,
1280 1394 1345 1494 qui
1367 1394 1466 1474 hanc

123 1552 129 1559 -
181 1498 422 1578 donationem
434 1499 513 1600 fieri
526 1496 568 1578 ἃ
593 1498 734 1575 firm‘ari
748 1499 909 1597 rogavit.
963 1494 1211 1594 Reginbernrs
1227 1495 1376 1600 scripsit.

600 1700 1052 1795 DCCCCLXXXIV.

392 1944 417 1995 ο
602 1838 786 1940 Doaoiio
811 1842 1052 1959 Sigiromai.

177 2023 230 2155 In
243 2010 385 2093 Christi
405 2012 561 2092 nomine
582 2026 717 2093 notum
740 2010 784 2092 srt
804 2014 1003 2099 omnibus,
1029 2011 1186 2109 qualiter
1199 2022 1348 2115 propter
1359 2009 1467 2092 bone

226 2118 343 2227 pacis
364 2117 527 2192 studium
552 2117 780 2219 complacuit
799 2130 914 2213 atque
946 2116 1120 2191 convenit
1152 2116 1246 2192 inter
1274 2116 1469 2195 venerabi·

180 2218 265 2291 lem
280 2217 408 2289 uirum
432 2216 657 2295 Samuelem
669 2216 875 2317 episcopum
889 2218 929 2293 tc
944 2217 1117 2293 abbatem
1138 2216 1472 2293 monasterii-santii

181 2315 372 2401 Nazarii‚
403 2313 443 2390 ἂ
464 2314 635 2412 aliquem
657 2315 778 2390 virum
809 2317 1009 2413 ingenuum
1042 2319 1190 2393 nomine
1214 2318 1403 2415 Sigiram,
1429 2330 1473 2393 ut
1623 2362 1626 2372 ι

183 2417 343 2513 aliquas
357 2438 416 2489 res
429 2414 580 2531 intense
594 2431 874 2494 commutarent.
908 2420 1023 2494 Dedit
1035 2418 1150 2515 igitur
1161 2420 1340 2518 praefatus
1354 2416 1469 2495 abbas

175 2515 261 2615 jem
290 2516 386 2592 disto
410 2514 628 2613 Sigiramno
650 2517 690 2593 in
710 2540 808 2616 pago
835 2519 1120 2608 wormatiensi,
1153 2522 1303 2599 invilla
1336 2518 1466 2597 VVie·

105 2646 109 2652 ·
179 2620 342 2696 aristam
363 2618 410 2693 de
434 2618 605 2719 partibus
619 2616 728 2695 unffi
755 2621 1044 2700 Nazariiaream
1061 2646 1195 2711 unam,
1222 2634 1387 2699 econtra
1403 2620 1467 2697 de·

179 2723 239 2799 dit
263 2718 427 2819 Sigiram
454 2721 580 2798 abbati
600 2720 819 2822 &partibus
841 2724 950 2801 senili
975 2726 1132 2803 Nazarii
1147 2726 1185 2803 in
1197 2726 1329 2803 eodem
1345 2746 1464 2824 pago,

180 2824 222 2904 ἀ
235 2825 277 2900 in
290 2826 422 2901 eadem
436 2848 564 2902 marca
579 2824 740 2902 deterre
760 2826 890 2904 arabili
899 2824 1038 2924 jurnal.
1049 2826 1081 2926 jj
1107 2826 1146 2905 δι
1167 2828 1386 2915 dimidium,
1412 2826 1466 2903 ita

180 2939 230 3000 ut·
244 2947 479 3020 nequaqum
492 2927 575 3003 haec
589 2930 834 3007 commutatio
848 2930 889 3007 in
903 2930 1074 3007 futurum
1088 2930 1266 3019 violetur,
1294 2928 1466 3006 sedomm'

184 3038 356 3139 tempore
369 3024 476 3099 firma
489 3024 529 3101 &
554 3027 692 3103 stabilis
706 3046 919 3129 permaneat
932 3031 1163 3131 stipulatione
1190 3034 1357 3109 subnixa.
1391 3030 1466 3107 Ac·

184 3138 332 3203 tumn
348 3123 563 3239 monasterio
589 3128 786 3231 Lmeffam
805 3133 869 3209 snb
885 3132 944 3208 die
964 3134 1144 3213 kalendae
1169 3130 1346 3233 Augusti,
1368 3154 1466 3207 anuo
1499 3152 1528 3201 1.
1546 3132 1633 3217 Aue·

184 3228 246 3308 XI
271 3225 468 3302 Ludowlct
482 3224 754 3321 regisjtrnioris.
786 3232 968 3329 Signum
981 3235 1168 3311 Samuelis
1183 3234 1328 3313 abbatis
1344 3232 1381 3309 δι
1408 3232 1467 3309 Si·

187 3328 348 3429 girami,
376 3326 440 3428 qui
454 3325 557 3399 hanc
577 3333 908 3409 commutationem
920 3335 1015 3412 inter
1029 3334 1064 3411 se
1085 3336 1165 3411 lieri
1188 3336 1227 3413 δι
1248 3334 1390 3411 firmari
1404 3356 1469 3411 vo·

188 3434 353 3511 luerunt.
408 3425 626 3508 Theonoen
639 3426 784 3527 scripsit.

207 3966 346 4118 oa
362 3995 418 4121 rr.
608 3978 611 3984 ⁷
772 3982 812 4117 ι’
1069 3977 1458 4123 κοσσιΧΧίιν.’

327 4226 369 4308 J
