3959 5359
610 386 620 401 ‘
656 382 712 443 IN
740 376 867 441 utto
891 358 1136 447 WORHA‘I'.
1444 392 1518 467 279

244 591 418 609 *⁸
723 584 1030 759 nonunt.

444 800 627 895 Donatio
650 796 880 909 Liubrandi
907 796 960 895 δ’
988 798 1136 889 Immue
1163 796 1315 887 ibidem.

266 998 293 1051 n
312 968 447 1051 Christi
466 970 641 1059 nomine,
667 968 726 1045 die
739 964 919 1045 kalendas
934 964 1180 1053 Novembris,
1206 988 1304 1041 anno
1316 963 1426 1041 tertio
1441 962 1517 1038 Ka·
1547 972 1578 1021 1·
1591 951 1673 1024 Νῦν·

291 1074 362 1149 roli
383 1074 506 1171 regis,
532 1097 603 1171 ego
629 1072 863 1149 Liubrandus
881 1067 920 1145 or
935 1064 1070 1163 conjux
1081 1090 1171 1143 mea
1194 1066 1317 1145 Imma
1337 1068 1521 1142 donamus

239 1175 464 1255 adsanttum
490 1175 694 1254 Nazariunr
705 1172 776 1254 occ.
802 1172 953 1253 vineam
977 1194 1093 1249 unam
1117 1169 1157 1249 in
1180 1190 1278 1269 pago
1315 1168 1460 1257 Worm.
1480 1168 1518 1247 in

240 1278 580 1359 Dinhoimermarca
595 1278 667 1359 dre.
1278 1322 1283 1329 ·
1515 1328 1518 1335 -

673 1454 677 1459 ’
721 1479 1049 1576 unccxvrn.

454 1629 637 1723 Donatio
664 1628 893 1726 Rutbrudis
921 1628 963 1717 in
992 1626 1124 1729 endem
1150 1634 1300 1713 merca.

237 1796 392 1937 Egoin
418 1799 497 1875 Dei
515 1802 665 1879 nomine
691 1800 892 1887 Ruthrud,
918 1820 984 1897 pro
999 1796 1162 1873 remedio
1185 1794 1323 1870 animae
1339 1792 1517 1891 genitoris
1635 1759 1639 1765 Δ

315 1901 390 1977 mei
415 1902 613 1979 Thenberti
626 1903 665 1981 dc
690 1901 876 1996 genitricis
896 1922 993 1977 meae
1011 1896 1222 1985 Hiltrudis,
1249 1897 1344 1973 dono
1364 1898 1413 1972 ad
1436 1897 1516 1973 san·

235 2000 335 2077 stum
352 2002 557 2081 Nazarinm
566 2004 638 2083 dre.
667 2000 844 2099 quidquid
857 2000 995 2075 habere
1011 1999 1191 2077 videorIn
1203 2022 1298 2098 pago
1323 2000 1465 2080 Worm.
1477 2000 1516 2075 In

237 2104 456 2179 Dienhaer'mer
471 2128 623 2193 maren,
649 2103 689 2177 in
704 2100 866 2190 mansu,
893 2100 1056 2200 campis,
1082 2100 1198 2189 silvis,
1225 2102 1371 2189 vinds,
1389 2098 1516 2177 'domi-

148 2197 151 2215 '
235 2203 326 2291 bus,
347 2204 539 2291 aedificiis,
566 2206 698 2301 aquis,
724 2203 986 2301 perpetualiter
998 2204 1046 2278 ad
1071 2202 1342 2301 poffidendum,
1367 2202 1516 2299 stipula-

236 2301 338 2376 tione
358 2303 526 2379 subnixa.
580 2304 771 2379 nnumin
786 2302 1005 2382 monasterio
1022 2304 1268 2394 Laurisham,
1293 2326 1392 2381 anno
1410 2300 1517 2379 XIIII

234 2401 364 2481 Xaroli
384 2404 497 2501 regis.
931 2462 942 2487 .

598 2598 615 2622 „
734 2502 1027 2597 MDCCXIX.
1097 2610 1101 2616 .

266 2674 272 2687 ·
372 2678 378 2691 ·
495 2628 678 2721 Donatr'o
706 2630 934 2720 Salemnnni
961 2631 1015 2730 Εἰ
1042 2632 1250 2747 Lang‘ozi.

233 2802 332 2937 Nos
345 2796 385 2874 in
410 2796 479 2873 Dei
493 2798 642 2875 nomine
667 2796 870 2877 Salemann
896 2798 935 2878 rc
959 2802 1114 2897 Langon
1126 2825 1194 2900 pro
1210 2798 1337 2877 anima
1354 2797 1516 2877 Herradi

317 2902 499 2976 donamus
525 2903 573 2977 ad
600 2900 761 2978 santium
789 2903 994 2980 Nazarium
1021 2902 1093 2980 &e
1121 2902 1302 3000 quidquid
1324 2903 1371 2977 de
1396 2903 1515 2979 vineis

233 3000 371 3073 habere
388 3000 487 3075 visus
499 3000 595 3087 fuit,
622 3002 660 3075 in
676 3026 770 3097 pago
795 3006 937 3085 Worm.
953 3005 994 3079 in
1018 3006 1198 3079 Dienheim
1212 3003 1251 3081 dr
1281 3004 1512 3102 oppenheim,

235 3099 275 3177 dc
296 3096 370 3193 xjjj.
383 3099 567 3197 mancipia
590 3098 821 3197 stipulatIone
842 3104 1009 3179 subnixa.
1063 3103 1202 3179 Attum
1224 3104 1263 3179 in
1295 3105 1513 3179 monasterio

234 3197 460 3277 Laurisham
474 3200 765 3279 diexkalendas
780 3204 981 3294 Februarii,
994 3227 1092 3281 anno
1105 3204 1248 3283 XXXV
1259 3203 1386 3280 Karoli
1401 3205 1511 3299 regis.
1556 3226 1610 3292 23.
1624 3206 1695 3285 Ian
1719 3217 1723 3225 ’
1810 3223 1817 3234 ‘

734 3402 1009 3491 MDCCXX.
1118 3430 1123 3437 ’

393 3604 402 3609 -
503 3528 685 3623 Donatr'o
713 3528 882 3641 Fulgeri
907 3530 960 3627 di
989 3528 1259 3618 Immt‘nrudir.

232 3708 285 3837 In
303 3692 436 3773 Christi
468 3698 646 3785 nomine,
672 3719 768 3774 anno
788 3696 877 3774 XIII
909 3696 1037 3774 Karoli
1063 3696 1185 3793 regis,
1225 3718 1296 3793 ego
1320 3696 1454 3794 Folger
1472 3696 1514 3776 dt
1557 3714 1562 3725 ·

35 3820 39 3829 ’
205 3832 207 3837 ·
285 3795 420 3894 conjux
443 3821 528 3877 mea
553 3799 727 3877 Irminrat
748 3802 932 3877 donamus
958 3802 1007 3876 ad
1026 3800 1189 3877 santturn
1215 3800 1415 3877 Nazarium
1438 3800 1510 3878 dcc.
1585 3841 1589 3850 «

232 3901 411 3998 quidquid
426 3901 463 3979 in
478 3927 574 4007 pago
600 3904 743 3993 Worm.
758 3905 797 3984 in
822 3905 982 3983 Dinddm
996 3906 1037 3989 in
1052 3903 1212 4006 cuspis,
1237 3903 1365 4002 pratis,
1379 3904 1510 3995 vineis,

231 4002 367 4090 maniis
382 4001 454 4085 dcc.
699 4036 715 4073 ν
1211 4006 1455 4090 MDCCXXI.
