3959 5359
511 428 585 548 xdii
1021 458 1378 541 anemonas

531 780 619 849 tum
642 770 712 847 Dei
734 768 938 846 Nazarium
963 784 1168 869 martyrem
1184 769 1255 848 &o
1280 794 1360 847 rem
1381 792 1506 848 meam
1520 768 1559 845 in
1582 774 1678 868 pago
1703 769 1815 851 Wot·

529 870 723 961 matiensi,
749 871 788 946 in
805 868 982 972 Offenstn‘n
1008 896 1135 950 marca
1144 870 1173 970 jj
1197 871 1402 969 jurnalesa
1424 875 1484 949 dIe
1510 870 1686 972 praesente
1702 872 1813 961 dono,

528 976 643 1057 trado
663 988 778 1070 atque
802 973 1020 1050 transfundo
1039 978 1301 1076 perpetualiter
1325 978 1374 1053 ad
1403 974 1676 1076 poffidendum,
1701 972 1814 1073 stipu-

496 1101 503 1107 ·
534 1076 675 1153 latione
700 1074 864 1153 subnixa.
916 1074 1116 1154 nnumin
1138 1078 1358 1155 monasterio
1381 1075 1581 1181 Lauraffam
1607 1075 1671 1153 sub
1687 1076 1749 1151 die
1775 1074 1815 1151 δι

451 1220 457 1228 ’
526 1178 1550 1382 'titttdastrgtnffltraditati¹¹³¹¹⁰
1575 1179 1813 1259 ‘mmm

1017 1472 1336 1577 “DCCCCXCL

917 1613 920 1622 ’
955 1611 1137 1704 Donutr'o
1167 1612 1386 1717 Rothildis,

370 1769 503 1859 n-sept
528 1786 586 1921 In
609 1778 743 1859 Christi
754 1760 905 1857 nomine
920 1780 985 1858 sub
1005 1782 1064 1858 die
1078 1782 1259 1861 kalendas
1282 1780 1470 1883 Septemb.
1489 1802 1586 1857 anno
1601 1777 1689 1860 VIII
1704 1779 1818 1875 regni

1925 1296 1939 1351 b

584 1885 726 1960 domini
751 1884 858 1959 nostri
884 1884 1014 1960 Xaroli
1037 1886 1160 1983 regis,
1193 1910 1263 1983 ego
1288 1886 1433 1963 Rothiit
1453 1886 1549 1961 dono
1575 1883 1624 1960 ad
1650 1881 1819 1958 faunum

530 1985 736 2064 ‘Nazarimn
762 2002 967 2082 martyrem
991 1987 1063 2065 dte.
1098 1988 1137 2064 in
1162 2012 1262 2088 pago
1291 1986 1546 2070 Wormatiensr
1568 1988 1606 2067 in
1635 1982 1817 2084 Offrnflein

469 2148 473 2154 .
534 2110 691 2177 marca,
716 2088 893 2185 quicquid
913 2089 1050 2167 ibidem
1076 2091 1214 2168 habere
1236 2091 1312 2169 visa
1340 2092 1445 2180 sum,
1471 2092 1586 2178 dono,
1613 2088 1719 2162 trado
1755 2096 1816 2161 at·

532 2214 609 2290 que
622 2191 845 2268 transfundo
864 2195 1126 2292 perpetualiter
1139 2194 1187 2271 ad
1214 2192 1463 2295 possidendum
1484 2190 1713 2292 stipulatione
1730 2186 1815 2263 sub·

516 2281 637 2377 'nixa
690 2292 881 2371 Adonim
893 2296 1111 2375 monasterio
1126 2295 1328 2400 Loaraffnm
1343 2297 1406 2374 iub
1422 2294 1532 2373 die&
1547 2308 1721 2392 tempore,
1738 2311 1815 2388 quo

532 2396 651 2497 supra.
704 2397 863 2495 Signum
884 2398 1103 2491 Rothildae‚
1129 2402 1328 2498 quaehanc
1348 2400 1586 2477 donationem
1611 2392 1816 2488 fieriroga-

443 2490 453 2511 ’
532 2498 600 2575 uit.
651 2498 806 2573 Samuel
823 2497 970 2603 scripsit
1060 2520 1062 2527 ·

1052 2606 1387 2711 DCCCCXCII.

775 2730 957 2841 Duratio
985 2736 1232 2827 Liutrammr'
1256 2738 1300 2824 in
1330 2730 1561 2849 Offandeim.

531 2910 634 3042 Ego
658 2901 699 2978 in
724 2901 794 2977 Dei
827 2901 976 2979 nomine
1002 2904 1173 2981 Liutram
1198 2902 1376 3003 presbiter
1392 2924 1460 3004 pro
1485 2898 1645 2979 remedio
1671 2900 1813 2981 animae

611 3026 707 3083 meae
720 3004 818 3081 dono
825 3004 874 3081 ad
889 3005 1052 3084 fandum
1069 3006 1273 3084 Nazarium
1289 3019 1494 3104 martyrem
1502 3004 1572 3081 &o
1587 3027 1667 3079 rem
1682 3027 1817 3098 meam¹

527 3106 572 3183 in
587 3130 684 3206 pago
708 3107 966 3187 Wormatienst
980 3110 1019 3187 in
1048 3106 1231 3208 Offinhrim
1253 3132 1378 3185 marca
1394 3132 1446 3183 xx
1469 3103 1605 3203 jurnal.
1632 3106 1679 3181 de
1710 3118 1812 3184 terra

532 3210 697 3286 aratoria
711 3210 750 3287 δι
766 3211 815 3287 de
824 3213 940 3312 pratis
958 3214 1007 3289 ad
1019 3208 1060 3309 jjj
1077 3212 1264 3300 carradas,
1278 3210 1317 3288 dt
1332 3210 1526 3307 mancipia,
1552 3230 1711 3305 quorum
1725 3208 1811 3288 haec

530 3310 614 3388 sunt
629 3312 781 3389 nomina‘
796 3314 1016 3404 :Hartwim
1042 3314 1080 3391 dt
1096 3311 1228 3409 conjux
1245 3310 1326 3409 ejus
1351 3312 1542 3401 Adaiove‚
1552 3360 1556 3369 -
1566 3310 1708 3399 Otwin,
1725 3310 1810 3387 Tic·

524 3415 630 3502 -win,
656 3416 791 3503 Rome,
816 3416 854 3493 dt
871 3416 937 3494 filii
950 3418 1100 3493 illorum
1129 3416 1332 3511 meginlac,
1357 3418 1541 3502 Buozrat,
1562 3412 1687 3489 omnia
1703 3410 1745 3491 δι
1760 3435 1809 3488 ex

533 3516 707 3593 omnibus
729 3572 741 3606 ,
767 3529 888 3595 totum
910 3518 1020 3620 &ad
1044 3519 1235 3615 integrum
1253 3542 1277 3595 a
1298 3517 1357 3595 die
1379 3514 1607 3619 praesente&
1632 3514 1808 3615 deinceps

531 3619 655 3710 dono,
682 3622 789 3696 trado
809 3622 879 3700 &o
932 3622 1070 3704 Attum
1092 3622 1131 3697 in
1156 3619 1373 3697 monasterio
1397 3614 1599 3719 Lauraffam
1624 3618 1712 3696 VIII
1736 3618 1807 3693 ka·

267 3785 273 3795 „
356 3738 410 3809 as·
427 3723 501 3801 Jan.
531 3722 662 3800 lendas
694 3724 916 3815 Februarii,
942 3749 1041 3801 anno
1067 3724 1228 3805 XXXVI
1261 3722 1364 3820 regni
1397 3720 1526 3800 Karoii
1558 3720 1806 3820 imperatoris.
1958 3750 1959 3813 ς

531 3825 692 3922 Signum
717 3826 939 3905 Liutrammi
959 3825 1180 3928 presbiteri,
1206 3825 1271 3925 qui
1291 3826 1388 3903 hanc
1411 3822 1646 3903 donationem
1671 3820 1754 3896 fieri
1767 3820 1804 3897 dt

526 3925 672 4005 firmari
687 3930 858 4023 rogavit,
884 3930 1029 4029 siguum
1040 3928 1197 4021 Irinctn,
1224 3928 1450 4029 Ecg'thardi,
1475 3924 1636 4004 Attradi.
1663 3924 1804 4023 Regin·

521 4025 657 4110 bertus
677 4028 827 4133 scripsit.

1448 4126 1750 4217 dccccxciii.
