3959 5359
571 378 630 437 rra
658 376 784 433 anno
808 355 1048 439 Woanar.
1201 460 1210 471 ι
1388 392 1443 465 39

158 663 198 738 in
222 662 437 737 Harasirrim
453 682 592 748 marro,
616 656 654 755 vj
668 672 812 759 partem
825 660 872 735 de
894 682 968 734 una
983 659 1117 749 vinea,
1140 662 1187 737 ad
1198 661 1434 761 integmma

157 763 219 841 die
235 764 394 863 presenti
420 764 521 839 dono
545 761 679 850 trado,
713 778 823 859 atque
850 760 1064 837 transfundo
1102 759 1171 839 dre.
1222 762 1364 843 Attum
1389 766 1432 841 in

155 867 398 942 Lauresharn
425 864 573 963 publice
591 862 653 938 sub
676 862 733 941 die
765 862 804 941 dc
827 876 987 961 tempore
1013 884 1089 958 quo
1101 862 1215 961 supra
1266 866 1432 965 Signum

153 965 358 1075 Rodnngi,
384 966 451 1064 qui
468 965 538 1041 hoc
552 964 628 1040 fieri
639 964 794 1061 rogavit
822 965 906 1061 Ego
921 963 1152 1041 Harilandus
1170 963 1299 1064 scripti.
1542 976 1547 983 ’

632 1165 949 1258 DCCCCXIX.

428 1294 607 1387 Donatio
634 1296 812 1391 Radaldt'
840 1296 884 1385 in
910 1292 1157 1386 Horesfreim.
1319 1400 1333 1417 Ι

144 1468 256 1601 Ego
274 1462 316 1539 in
344 1462 413 1539 Dei
436 1464 594 1541 nomine·
610 1464 802 1543 Radaldus
827 1462 928 1539 dono
947 1484 1015 1561 pro
1040 1462 1166 1540 anima
1184 1464 1326 1565 nepotis
1345 1465 1422 1543 mei

226 1564 414 1659 feugeri,
445 1564 678 1643 ansanum
711 1565 918 1644 Nazarium
943 1578 1147 1659 martyrem
1167 1564 1237 1643 ac.
1263 1569 1303 1643 in
1323 1592 1424 1667 pago

142 1662 408 1744 Wormatienfi
428 1666 467 1743 in
491 1668 696 1743 Horasfuim
722 1690 850 1744 marca
866 1665 917 1763 vjj
941 1664 1100 1765 petiolas
1122 1691 1145 1743 a
1164 1668 1223 1743 die
1255 1668 1426 1767 praesenti

143 1766 257 1855 dono,
283 1770 396 1843 trado
412 1782 525 1865 atque
540 1768 757 1845 transfundo
770 1769 843 1846 &n
897 1768 1036 1843 Aftum
1048 1767 1089 1843 in
1100 1768 1314 1845 Laurum
1329 1771 1422 1872 pub-

139 1865 213 1943 lice
227 1866 294 1945 sub
313 1870 377 1943 die
391 1870 425 1945 Il
442 1871 536 1946 idus'
550 1872 655 1970 Julii,
682 1893 781 1947 anno
796 1874 830 1947 ll
846 1868 949 1965 regni
974 1868 1102 1944 Karoii
1114 1870 1223 1965 regis.
1261 1872 1420 1969 Signum
1448 1886 1500 1956 ¹4·
1528 1866 1596 1945 Μ·
1665 1920 1699 1947 .-

137 1966 291 2043 Radoiii
313 2022 324 2057 ,
352 1971 416 2067 qui
430 1970 530 2046 hanc
550 1972 785 2049 donationem
809 1970 888 2050 fieri
904 1969 944 2049 dt
969 1968 1110 2051 firmari
1127 1970 1285 2073 rogavit
1338 1974 1421 2073 Ego

137 2068 384 2149 Hartlendus
399 2070 530 2170 scripsi.

262 2250 264 2255 ,
377 2238 385 2289 ,Ι
642 2168 943 2260 DCCCCXX.

326 2388 330 2403 ,
389 2290 573 2383 Donatio
600 2293 851 2406 Rootgardis
877 2292 931 2394 ὣ*
962 2290 1195 2387 Theodorus.

138 2470 247 2598 Ego
261 2460 305 2533 in
319 2456 388 2566 Dei
404 2458 554 2533 nomine
566 2436 791 2557 Rootgar'dis
802 2482 868 2561 pro
881 2460 1044 2558 conjuge
1054 2484 1143 2537 meo
1155 2458 1195 2537 dt
1207 2480 1278 2557 pro
1293 2460 1422 2543 anima

220 2560 394 2659 germani
416 2562 490 2636 mei
518 2560 722 2637 Theodonis
747 2562 843 2638 dono
860 2564 909 2639 ad
934 2564 1100 2639 santium
1126 2562 1329 2639 Nazarium
1343 2564 1418 2643 dcc.

138 2684 221 2738 rem
248 2684 373 2739 meam
388 2663 426 2739 in
447 2686 543 2762 pago
568 2664 710 2745 Worrn.
728 2664 767 2740 in
791 2666 990 2741 Haresfrrr'm
1018 2688 1138 2739 marra
1158 2662 1196 2741 dr
1211 2663 1249 2739 in
1273 2663 1417 2741 Mon·

140 2763 226 2839 mim
244 2786 388 2854 marca,
414 2788 503 2841 cnm
518 2767 642 2857 terris,
657 2766 844 2857 domibus,
870 2766 1060 2856 aedificiis,
1077 2765 1293 2865 mancipi'n,
1308 2788 1416 2845 man-
1430 2806 1483 2865 ,γ
1495 2752 1564 2833 (¹1⁴
1576 2752 1655 2823 few·
1674 2783 1708 2823 o.

137 2862 200 2950 srs,
214 2868 374 2963 eampis,
400 2868 592 2964 praesidiis,
618 2870 747 2966 aquis,
773 2892 1029 2966 aquarumve,
1055 2870 1181 2945 omnia
1202 2866 1241 2943 dr
1261 2889 1310 2943 ex
1331 2892 1415 2947 om·

138 2964 276 3081 nibus,
297 2980 478 3079 quantum
503 2968 629 3044 inillis
653 2970 746 3044 locis
759 2970 834 3046 visa
857 2972 936 3045 sum
959 2972 1123 3057 habere,
1146 2968 1208 3047 vei
1223 2970 1414 3049 dominare

137 3059 378 3261 iiiiii&
393 3078 560 3240 titre
578 3070 887 3275 turiani?
900 3072 1118 3271 aazia?
1132 3072 1414 3249 metunt}

138 3268 178 3343 in
208 3262 445 3340 Guntirsher'm
465 3288 582 3337 nrarro
600 3268 696 3342 dono
719 3272 811 3369 duas
825 3272 952 3347 vineas
967 3288 1088 3349 totum
1103 3272 1206 3347 &ad
1225 3273 1414 3367 integrum

141 3391 165 3443 a
186 3365 248 3443 die
261 3365 442 3467 praefente
456 3366 503 3441 de
522 3362 608 3461 jure
622 3386 708 3439 meo
721 3368 829 3459 injus
843 3368 881 3440 dr
904 3373 1195 3447 dominationem
1210 3370 1319 3443 [anfii
1337 3372 1416 3443 Na-

140 3468 237 3543 zarii
258 3470 381 3557 dono,
407 3466 514 3543 trado
537 3480 653 3563 atque
679 3464 894 3539 transfundo
908 3466 980 3541 &o
1030 3468 1167 3543 Attum
1186 3470 1227 3541 in
1250 3462 1417 3566 Lauroffa

137 3567 291 3667 publice
307 3568 370 3643 sub
384 3570 443 3645 die
458 3569 528 3644 XII
542 3565 728 3643 kalendas
754 3564 898 3643 Ostobr.
913 3586 1011 3640 armo
1023 3568 1141 3665 primo
1159 3583 1337 3662 regnante
1350 3568 1413 3643 do·
1440 3596 1495 3653 ao,
1512 3578 1600 3669 sept,

138 3668 247 3744 mino
262 3666 382 3742 nostro
406 3670 553 3745 Karolo.
607 3668 767 3763 Signum
782 3666 928 3743 Folradi
945 3664 1011 3741 filii
1029 3668 1109 3758 sui,
1132 3666 1274 3765 fignum
1298 3670 1412 3747 Root-

30 3868 31 3871 ,
138 3770 297 3871 gardae,
324 3790 411 3867 quae
425 3769 523 3846 hanc
536 3766 775 3846 donationem
792 3764 872 3841 fieri
885 3767 1072 3849 &firmari
1097 3768 1412 3867 rogavit,f1gnum

30 3872 31 3911 ³
137 3871 359 3964 Thetaonae,
382 3870 528 3972 fignurn
551 3870 787 3968 Burrum,
813 3867 1024 3953 Harlandus
1036 3872 1187 3972 scripit.

1087 3988 1357 4079 Dccccxxl
