3959 5359
906 308 1269 389 Taamuomts

450 414 1728 513 ---·'··-········¹-·-——------—-..

920 610 1217 725 MDCCXXI.

865 744 1047 843 Donatio
1081 738 1326 838 Willebaldi.

454 935 508 1067 ln
528 918 663 1002 Christi
685 913 836 997 nomine
857 913 1083 1017 complacuit
1101 922 1213 1011 atque
1234 909 1409 989 convenit
1428 908 1524 987 inter
1543 910 1735 989 venerabi-

507 1028 584 1104 lem
608 1024 825 1104 Samuelem
839 1018 1051 1121 episcopum
1064 1014 1103 1092 dc
1124 1014 1296 1093 abbatem
1310 1012 1519 1091 monasterii
1535 1013 1645 1091 santii
1662 1015 1737 1093 Na·

455 1130 578 1219 zadi,
605 1142 648 1205 ut
661 1148 721 1205 res
734 1124 817 1201 suas
838 1143 906 1223 pro
928 1118 1203 1221 opportunitate
1215 1119 1384 1195 iocorum
1402 1118 1497 1193 inter
1519 1116 1555 1193 se
1570 1139 1738 1195 commu·

329 1330 330 1335 Ν
456 1245 590 1311 tarent.
613 1229 724 1307 Dedit
747 1226 862 1323 igitur
887 1222 1063 1323 praefatus
1085 1220 1279 1321 episcopus
1295 1223 1444 1297 cuidam
1470 1219 1552 1297 viro
1583 1220 1734 1298 nomine
1761 1250 1766 1259 ·

457 1329 681 1418 Willebaldo
698 1329 737 1405 in
748 1350 845 1429 pago
869 1326 1010 1407 worm.
1026 1323 1066 1398 in
1089 1324 1292 1397 Dinhoimer
1303 1346 1432 1400 marca
1449 1322 1601 1401 vineam
1621 1344 1739 1400 unam

400 1444 404 1449 '
456 1438 569 1515 rebus
589 1434 661 1513 suis
681 1431 919 1527 contiguam,
944 1437 1116 1503 econtra
1138 1423 1241 1502 dedit
1263 1426 1458 1526 praediitus
1471 1424 1529 1501 vir
1549 1426 1590 1501 in
1604 1427 1739 1502 eadem

457 1530 757 1618 marcavineam·
773 1531 886 1609 aliam
910 1528 1022 1605 rebus
1044 1525 1156 1603 santii
1182 1527 1336 1605 Nazarii
1352 1521 1560 1615 confinem,
1585 1524 1737 1626 stipula·

457 1642 558 1721 tione
579 1634 743 1717 subnixa.
797 1629 985 1713 Adumin
1016 1626 1237 1707 monasterio
1262 1628 1507 1716 Laurisham,
1522 1649 1621 1705 amm
1647 1625 1737 1706 VIII
1792 1666 1797 1675 ι

458 1743 651 1821 Ludowici
676 1738 785 1837 regis.

936 1849 1249 1953 iffiOCXXII.

716 1982 898 2079 Donatio
926 1978 1118 2075 Rudwici
1145 1978 1189 2068 in
1215 1973 1487 2072 Dianenbeim.

461 2170 562 2303 Ego
582 2154 621 2233 in
645 2150 717 2274 Dei
730 2152 877 2271 nomime
903 2100 1189 2229 Xuduuicdono
1202 2148 1251 2269 ad
1265 2147 1426 2268 [aditum
1450 2143 1655 2234 Nazarium
1667 2142 1739 2223 dte.

541 2284 654 2339 unam
670 2277 817 2337 vineam
831 2276 871 2329 m
886 2276 983 2353 pago
1007 2252 1194 2334 wormat.
1208 2274 1247 2327 m
1272 2252 1487 2327 Dimmtmer
1500 2271 1637 2337 marca,
1662 2271 1743 2348 per·

462 2366 657 2482 petuaiiter
669 2361 716 2438 ad
739 2356 988 2480 possidendum
1002 2353 1236 2455 stipulatione
1255 2352 1421 2429 subnixa.
1456 2350 1593 2429 Attum
1608 2350 1647 2425 in
1662 2370 1741 2425 mo·

465 2462 991 2553 nasteno„Laur1sham,anno
1015 2458 1104 2539 XVI
1132 2455 1326 2533 Ludowici
1339 2452 1567 2553 inperatoria

930 2654 1269 2754 MDCCXXIII.

711 2792 893 2893 Donatio
920 2782 1162 2883 Strarcradi
1189 2782 1231 2871 ln
1259 2778 1386 2915 eodem
1413 2776 1513 2867 vico.

324 3020 334 3045 .
415 3019 426 3045 .
496 2963 672 3047 nChristi
698 2965 871 3052 nomine,
898 2960 958 3037 die
981 2955 1034 3036 IV
1055 2975 1173 3030 nonas
1194 2948 1362 3051 Aprilis,
1388 2970 1485 3024 anno
1505 2942 1593 3023 XXI
1616 2940 1744 3019 Karoli

408 3064 421 3073 “
519 3072 628 3171 regis,
641 3094 711 3168 ego
724 3065 923 3153 Starcrad,
949 3083 1016 3163 pro
1030 3054 1194 3133 remedio
1210 3053 1345 3131 animae
1370 3048 1544 3137 Libwini‚
1558 3042 1745 3145 quodipse

428 3228 433 3235 -
466 3176 563 3255 mihi
584 3174 753 3263 tradidit,
780 3172 877 3246 dono
895 3168 943 3242 ad
959 3162 1124 3241 santium
1149 3156 1356 3236 Nazarium
1370 3152 1442 3234 &a
1469 3174 1584 3229 unam
1598 3150 1746 3229 vineam

467 3282 506 3359 in
519 3302 616 3383 pago
640 3276 822 3363 Wormat.
839 3272 879 3347 in
904 3266 1106 3347 Dinmimer
1119 3284 1249 3341 marca
1264 3256 1338 3339 tce.
1393 3328 1396 3333 ,

867 3486 871 3495 ’
929 3462 1266 3561 MDCCXXIV.

730 3601 911 3709 Donatio
939 3596 1133 3711 Luitgeri
1160 3596 1202 3683 in
1232 3589 1360 3679 eodem
1388 3575 1490 3677 vico'.
1580 3665 1583 3673 .

336 3848 339 3856 .
468 3790 571 3925 Ego
585 3778 624 3856 in
649 3776 720 3855 Dei
731 3774 881 3851 nomine
905 3767 976 3845 Lui
1018 3787 1060 3841 er
1075 3765 1173 3840 dono
1196 3759 1245 3839 ad
1267 3759 1431 3837 faustum
1457 3757 1661 3836 Nazarium
1676 3726 1745 3831 διό.
1797 3820 1802 3827 ,
1841 3744 1846 3751 ’

550 3884 699 3966 videam
713 3900 829 3959 unam
843 3875 884 3955 in
896 3889 996 3975 pago
1021 3867 1164 3957 Worm
1179 3865 1219 3947 in
1233 3864 1473 3944 Dimum
1487 3874 1747 4036 marctauffiirpe-
