3959 5359
938 510 939 515 κ
966 460 1332 547 'summotus

848 852 853 865 .
1002 768 1344 864 Dcccnxxv.

954 894 1135 993 Duratio
1163 898 1397 990 Herimari.·

532 1054 669 1195 'Anno
692 1057 765 1136 XX
796 1062 902 1159 regni
927 1064 1068 1141 domini
1090 1064 1199 1141 nostri
1223 1066 1353 1141 Karoli
1371 1068 1496 1165 regis,
1527 1090 1598 1185 ego
1630 1064 1807 1142 Herimar

621 1162 718 1237 dono
731 1186 797 1262 pro
812 1166 975 1241 remedio
988 1189 1123 1245 anrmae
1137 1188 1231 1242 meae
1249 1168 1297 1242 ad
1324 1168 1489 1245 santium
1515 1170 1584 1245 Der
1603 1180 1808 1263 martyrem

534 1260 818 1343 nazariumuc.
847 1268 1022 1366 vineamj
1037 1270 1077 1345 in
1101 1265 1378 1366 Hrpphonhrim,
1405 1292 1519 1365 quam
1535 1271 1627 1345 mihi
1649 1269 1809 1345 tradide-

534 1377 624 1440 runt
637 1366 777 1482 iiiuodo
791 1368 830 1447 iit
844 1368 942 1448 filius
956 1370 1036 1469 ejus
1060 1369 1316 1465 Winidingus‚
1342 1370 1382 1445 in
1397 1370 1530 1446 Christi
1551 1372 1701 1446 nornine
1727 1391 1809 1469 per·

535 1670 602 1775 qui
615 1668 711 1758 huno
726 1674 962 1761 donationem
977 1680 1079 1759 fecit.
1130 1629 1378 1777 Reginbertus
1400 1672 1546 1775 scripsit.
1796 1624 1809 1665 ³

1005 1878 1366 1975 DCOCLXXVI.

982 2010 1174 2139 Donatio
1190 2010 1369 2120 Sturoffi.

533 2177 633 2310 Ego
647 2168 687 2247 in
710 2170 786 2272 Dei·
794 2174 944 2251 nomine
969 2174 1119 2253 sturolf
1128 2178 1226 2253 dono
1241 2172 1465 2272 adientium
1490 2170 1692 2249 Nazarium
1707 2188 1811 2247 mar-

611 2284 734 2369 tyrem
741 2274 811 2348 &o
836 2274 851 2366 j
867 2279 1046 2369 petiolam
1059 2279 1106 2349 de
1124 2278 1236 2350 vinea
1249 2279 1289 2350 in
1301 2275 1551 2372 Hoppironiroim
1566 2273 1605 2349 &
1619 2288 1715 2349 terra
1728 2293 1810 2348 ara·

532 2374 669 2449 turiav
690 2370 827 2467 jurnal.
844 2372 883 2447 in
907 2374 978 2448 Dei
999 2373 1151 2449 nomine
1173 2374 1434 2475 perpetualiter
1458 2369 1682 2471 poffidendos
1700 2372 1810 2468 stipu-

531 2470 670 2543 latione
702 2472 866 2546 subnixa.
916 2471 1057 2549 Atium
1085 2476 1124 2549 iu
1156 2475 1373 2550 monasterio
1397 2475 1614 2545 taurorum
1645 2473 1681 2546 Η
1721 2471 1808 2546 idus

354 2594 407 2659 14-
422 2571 496 2659 Μ·
533 2566 644 2661 Maii,
661 2578 768 2644 'anno
792 2571 900 2673 XXII
921 2576 1025 2671 regni
1041 2574 1182 2651 domini
1205 2576 1316 2649 nostri
1340 2572 1467 2647 Karoli
1480 2570 1623 2666 gloriosi
1648 2571 1808 2671 impera-

533 2668 637 2746 toris.
667 2670 844 2767 ‘Signum
870 2674 1047 2763 Sturolfi,
1074 2676 1138 2772 qui
1151 2675 1249 2750 hanc
1263 2673 1500 2750 donationem
1524 2670 1613 2749 fecit
1625 2724 1637 2762 ,
1661 2670 1807 2770 rignum

534 2769 710 2862 Manolfi,
735 2774 960 2875 Manegoldi.
1015 2775 1199 2855 Rudolfus
1226 2773 1372 2874 scripsit.

1000 2974 1380 3069 DCCCLXXVII.

986 3106 1169 3197 Donatio
1196 3104 1399 3214 Frikkolfi.

528 3280 634 3412 Item
656 3294 752 3350 anno
777 3274 908 3351 eodem
932 3286 1002 3367 ego
1027 3268 1199 3349 Frikkoif
1209 3271 1249 3351 δι
1273 3270 1409 3368 conjux
1423 3292 1510 3346 mea
1535 3268 1718 3347 Dietsuint
1738 3269 1802 3344 do-
1953 3277 1954 3300 ³

581 3396 714 3452 namus
739 3375 788 3451 ad
807 3374 969 3475 sonitum
994 3375 1065 3450 Dei
1086 3390 1293 3473 martyrem
1317 3373 1523 3449 Nazarium
1538 3372 1608 3450 &o
1630 3370 1647 3467 j
1663 3369 1803 3466 jornal.
1953 3391 1955 3466 ᾖ

527 3474 569 3553 in
594 3478 845 3577 Hopphonheim
865 3476 912 3552 de
933 3490 1032 3554 terra
1046 3478 1235 3566 oraturia,
1261 3476 1359 3552 adie
1382 3474 1550 3575 praesenti
1572 3473 1801 3570 stipulatione
1953 3515 1955 3556 5

339 3584 401 3669 '24
414 3584 488 3660 Jun.
523 3576 695 3682 subnixo.
751 3576 887 3665 Auum
903 3580 942 3654 in
957 3579 1175 3674 monasterio
1200 3579 1414 3654 tamesim
1435 3574 1523 3654 vin
1536 3572 1716 3651 kalendas
1736 3574 1801 3673 Ju-
1953 3585 1954 3678 J

527 3676 582 3755 lii.
610 3678 767 3775 Signum
794 3680 946 3764 Frikolfi
971 3681 1010 3757 ὅ(
1036 3680 1262 3758 Dietsuindae
1295 3675 1461 3775 conjugis
1481 3673 1586 3772 ejus,
1612 3677 1679 3773 qui
1702 3675 1811 3751 hano-

526 3780 765 3960 gpnptionpm
779 3780 957 3863 feceruut.
1010 3782 1170 3880 Signum
1189 3782 1391 3872 Ratbnldi‚
1415 3778 1632 3877 Hugibaldi.
1660 3776 1801 3854 Rudol·
1953 3839 1954 3846 Ν

571 3904 589 3957 s
626 3894 756 3982 cripit.

1411 4044 1753 4203 uccourxuu
