3959 5359
204 767 433 872 &deinceps
457 773 506 849 ad
525 771 648 873 ipsum
675 769 801 847 iocum
824 765 992 868 proficiat
1013 769 1050 846 in
1076 769 1314 868 augmentis,
1341 767 1490 868 stipula·

204 873 307 947 tione
335 873 497 951 subnixa
551 872 689 950 Attum
710 873 749 950 in
770 871 988 948 monasterio
1016 871 1320 963 Lauriffameusr,
1349 871 1413 952 sub
1430 873 1490 950 die

204 973 280 1055 XV
294 975 473 1078 kalendas
498 977 598 1078 Sept.
613 994 709 1056 anno
730 976 800 1053 llll
816 973 945 1050 Karoii
958 976 1069 1074 regis.
1151 985 1155 990 '
1521 987 1575 1056 τε.
1591 979 1679 1062 Aug.

683 1180 980 1276 MCCXXXI.

290 1305 473 1401 Duratio
500 1309 732 1428 Liuddordi
759 1313 812 1413 fd
839 1309 1076 1407 Meindurdi
1102 1309 1143 1398 in
1169 1305 1412 1426 Haffinheim.

207 1487 307 1622 Nos
319 1478 358 1554 in
385 1481 454 1557 Dei
470 1483 618 1559 nomine
635 1482 870 1560 Liudhardus
889 1479 929 1559 δι
955 1477 1197 1556 Meinhardus
1213 1479 1397 1556 donamus
1423 1481 1489 1556 do·

290 1597 498 1683 natumque
523 1588 804 1687 inperpetuum
829 1583 900 1660 effe
927 1585 1104 1660 volumus
1126 1582 1175 1660 ad
1208 1581 1486 1674 monasterium,

207 1686 562 1782 quodconstrutium
583 1688 634 1765 est
649 1689 838 1766 inhonore
861 1685 970 1764 iandii
984 1685 1154 1775 Nazarii,
1183 1685 1281 1782 quod
1295 1685 1400 1762 nobis
1414 1701 1491 1765 tra·
1644 1733 1648 1740 ·

206 1787 303 1863 didit
327 1791 541 1868 Gerhardus
556 1793 595 1868 in
610 1793 702 1870 villa
727 1789 951 1892 Heffenheim,
977 1789 1100 1876 idest,
1128 1787 1395 1864 dimidietatem
1408 1813 1488 1865 om·
1586 1851 1591 1862 .

107 1944 113 1950 ·
206 1889 311 1966 nium
337 1891 519 1968 bonorum
544 1895 719 1980 suorum,
744 1906 904 1990 excepta
915 1888 930 1987 j
957 1889 1166 1966 basilica&
1186 1913 1259 1966 uno
1280 1893 1485 1991 mancipio,

205 2006 343 2068 caetera
358 1996 504 2083 omnia,
530 2017 617 2093 quae
630 1996 770 2074 habere
786 1993 885 2072 visus
899 1993 999 2068 estin
1015 1993 1122 2068 terris
1138 2047 1147 2080 ‚
1175 1993 1308 2082 vineis,
1335 1995 1488 2094 campis

233 2095 336 2182 ratis,
352 2097 519 2194 pascuis,
544 2097 662 2184 silvis,
689 2097 824 2194 aquis,
848 2095 887 2172 in
911 2094 974 2192 jus
1000 2093 1039 2170 dc
1065 2094 1357 2171 dominationem
1379 2097 1488 2172 santii

153 2269 161 2284 ,
205 2119 361 2271 finani
379 2199 590 2283 donamus,
616 2199 796 2272 tradimus
812 2211 925 2294 atque
941 2197 1241 2286 transfundimus
1269 2200 1490 2298 perpetuali·
1639 2267 1645 2280 ,
1682 2257 1690 2264 .

208 2307 270 2368 ter
290 2295 337 2367 ad
351 2293 628 2392 possidendum,
654 2297 886 2393 stipulatione
907 2298 1073 2374 subnixa.
1128 2296 1266 2374 Attum
1303 2301 1340 2374 in
1361 2323 1491 2374 mona·
1559 2385 1564 2396 ⁴

79 2443 84 2450 -
208 2393 320 2468 sterio
335 2393 634 2486 Lauriiiamenfi,
665 2397 730 2475 sub
745 2399 805 2474 die
820 2399 872 2474 111
886 2401 1067 2476 kalendas
1093 2401 1197 2500 Sept.
1211 2425 1308 2478 anno
1320 2402 1373 2480 XI
1388 2401 1492 2500 regni
1524 2451 1577 2518 30,
1590 2431 1677 2518 Aug,

207 2495 339 2572 Karoli
363 2497 477 2592 regis.

454 2632 457 2639 ·
532 2594 574 2700 J
686 2597 1007 2689 MCCXXXIL
1212 2673 1217 2680 .

330 2723 513 2817 Donatio
540 2725 763 2817 Heimberti
794 2725 847 2825 fd
874 2727 1033 2818 Hattae
1060 2731 1246 2846 conjugis
1271 2737 1369 2850 ry'us.
1532 2823 1536 2830 ,

208 2902 311 3034 Nos
332 2891 372 2969 in
396 2892 466 2970 Dei
490 2895 639 2972 nomine
664 2885 909 3014 Heimbertus
923 2894 967 2974 &.
984 2895 1122 2996 conjux
1143 2885 1226 2978 mea
1254 2903 1398 2992 Hatta,
1424 2902 1490 2980 do·

295 3019 428 3072 namus
442 2996 662 3072 adianttum
688 2999 896 3074 Nazanum
906 3013 1121 3096 martyrem
1129 3002 1200 3080 διο.
1228 3006 1365 3108 inpage
1383 3005 1490 3087 Wnr·
1591 3063 1593 3072 .

213 3110 297 3186 mat.
312 3099 352 3176 iu
376 3095 607 3199 Hcffmirim,
631 3123 750 3176 uuum
765 3101 934 3176 mansum
949 3098 1022 3178 dre.
1408 3108 1414 3118 '
1478 3143 1485 3154 ·

676 3249 1015 3392 mccxxxm.

471 3425 653 3520 Duratio
682 3427 888 3539 Nontgeri
915 3429 957 3515 in
987 3433 1117 3518 eudem
1144 3432 1252 3520 uilla.

216 3604 373 3746 Egoin
397 3599 468 3674 Dei
487 3597 636 3674 nomine
661 3595 831 3692 Nantger
850 3616 916 3693 pro
932 3595 1067 3671 animae
1094 3619 1189 3673 meae
1211 3595 1376 3674 remedio
1398 3599 1495 3678 dono

300 3703 349 3778 ad
371 3701 533 3776 sauttum
560 3700 628 3774 Dei
651 3713 856 3794 martyrem
884 3697 1085 3774 Nazarium
1111 3697 1180 3775 dcc.
1209 3700 1246 3776 iu
1269 3723 1362 3800 pago
1387 3703 1495 3782 Wor·

176 3861 182 3868 -
218 3820 314 3886 mat
330 3803 476 3882 invilla
495 3815 708 3901 nuncupata
722 3801 939 3920 Hcffinheim,
965 3801 1145 3899 quidquid
1158 3803 1195 3878 in
1208 3805 1339 3880 eadem
1357 3827 1493 3896 marca,

218 3911 259 3990 dr
276 3910 315 3986 in
340 3904 694 3993 Landmundcsheim,
720 3902 759 3980 dr
778 3927 816 3979 m
841 3899 1047 3980 Merisiero‘
1060 3927 1221 3996 marca,
1260 3909 1493 4008 proprietatis

218 4009 515 4102 baberevideor,
538 4021 619 4086 tam
640 4007 818 4098 interris,
841 4006 997 4191 maplirs,
1022 4007 1160 4100 vineis,
1174 4011 1314 4112 pratis,
1339 4011 1493 4112 pascuis,

277 4118 372 4198 Yon.
387 4113 442 4194 ΙΙ.
638 4167 646 4178 -
1333 4169 1335 4174 -
1362 4135 1444 4218 per·
