3959 5359
530 426 576 497 16
939 390 945 399 ¹
983 418 1365 502 reinmarus-

386 656 388 661 ,
527 578 1804 681 m

364 716 500 793 naun·
531 720 666 795 raam
694 724 728 799 11
755 724 839 797 uus
872 726 971 825 Junn
993 752 1091 803 anno
1112 681 1218 805 mm
1240 733 1343 827 regar
1373 732 1515 807 domini
1539 733 1650 808 noan
1674 683 1806 811 aaran

530 822 673 918 gloriosi
694 823 936 925 imperatoris.
991 831 1149 925 Signum
1170 832 1417 923 Salachouis,
1442 836 1506 933 qui
1521 836 1618 911 hanc
1637 837 1806 912 donatio·

531 925 754 1105 aepusfecipt,
781 930 1175 1028 fignumrEginbaldi,
1209 932 1420 1027 Amalrici,
1445 938 1611 1015 Leibolu
1664 940 1806 1015 Rudol·

630 1050 760 1129 enpr.
1547 1072 1556 1083 ·
1691 1096 1695 1102 .
1965 1067 1966 1108 ;

872 1224 874 1229 .
962 1134 1312 1226 ἰΙ)Ο(301ΝΙΙΙ.’
1737 1267 1744 1277 '
1863 1270 1867 1277 Ι

665 1275 846 1365 Donatio
880 1278 1058 1397 Wittrm
1086 1280 1128 1367 io
1155 1274 1499 1393 Hrpplrealrer'mer
1527 1309 1677 1370 marra.

534 1451 587 1579 In
600 1443 748 1521 nomine
761 1414 891 1526 orae
915 1445 1116 1525 Trinitatis.
1143 1447 1249 1523 Licet
1262 1467 1380 1545 parva
1395 1444 1433 1521 dr
1447 1444 1585 1541 exigua
1599 1446 1694 1534 sint,
1720 1468 1805 1546 quae
1965 1419 1966 1452 ι

1965 1469 1967 1526 i

585 1567 650 1643 pro
673 1546 857 1623 immensis
883 1550 1044 1647 peccatis
1070 1549 1108 1626 dt
1133 1547 1265 1624 debitis
1290 1546 1419 1622 nostris
1434 1542 1652 1635 offerimus,
1678 1560 1807 1657 tamen
1965 1535 1966 1562 ¹

533 1644 618 1744 pius
633 1647 814 1724 Dominus
840 1650 958 1726 noster
982 1652 1085 1752 Jesus
1099 1649 1263 1726 Christus
1277 1656 1352 1723 non
1365 1649 1613 1745 quantitatem
1626 1648 1704 1723 dati
1724 1671 1808 1723 mu·

535 1747 659 1837 neris,
680 1748 741 1824 sed
758 1752 989 1829 devotionem
1006 1752 1122 1828 animi
1137 1744 1304 1852 prospicit
1318 1748 1523 1839 offerentis,
1546 1749 1628 1824 ideo
1641 1772 1710 1845 ego
1724 1750 1807 1830 Wi-

533 1845 677 1923 therius
692 1851 731 1926 &
756 1854 973 1930 Lantfridus
986 1856 1171 1930 donamus
1185 1875 1250 1952 pro
1265 1854 1392 1928 anima
1416 1850 1614 1929 Titsuindae
1637 1853 1685 1926 ad
1706 1851 1807 1926 sauc-

534 1958 618 2022 tum
640 1950 843 2029 Nazarium
876 1970 1078 2051 martyrem
1093 1956 1164 2032 &a
1188 1956 1232 2029 'in
1262 1978 1355 2053 pago
1385 1952 1520 2033 Worm.
1554 1953 1594 2028 in
1626 1952 1808 2053 Hepphrrr-

532 2047 620 2123 ierim
652 2052 853 2150 mansum]
878 2079 965 2132 cum
988 2057 1073 2131 casa
1094 2056 1134 2133 δι
1157 2057 1262 2132 scura
1292 2056 1468 2154 desuper,
1502 2055 1659 2132 &terra
1684 2066 1835 2131 aratu·

515 2150 608 2237 ria,
623 2148 765 2251 pratis,
791 2155 927 2245 vineis,
948 2156 1088 2256 aquis,
1115 2180 1346 2255 aquarumve
1385 2156 1619 2245 decursrbus,
1646 2157 1694 2232 ad
1714 2158 1809 2233 inte·

534 2272 645 2348 grum
666 2276 691 2328 a
719 2256 779 2329 die
803 2258 972 2351 praesenti
993 2258 1188 2331 tradimus.
1205 2274 1317 2352 atque
1342 2258 1636 2334 transfundimus
1674 2258 1714 2333 in
1738 2257 1809 2333 Dei

533 2352 683 2427 nomine
696 2356 956 2452 perpetualiter
970 2356 1018 2428 ad
1031 2354 1282 2467 poffideudum
1290 2354 1362 2433 &o
1415 2357 1553 2435 Atium
1569 2360 1608 2434 in
1629 2357 1809 2434 monaste·

377 2491 386 2512 ·
473 2492 482 2514 ·
536 2444 591 2528 rio
616 2454 831 2528 Lauroshom
852 2455 996 2553 publice
1015 2452 1057 2549 ij
1081 2482 1167 2532 non.
1195 2457 1376 2531 Novemb.
1400 2482 1496 2531 anno
1518 2460 1591 2533 XV
1604 2460 1719 2555 'regni
1740 2459 1806 2531 do·

535 2552 629 2635 mini
644 2552 753 2629 nostri
779 2556 924 2655 Pippini
938 2557 1046 2651 regis.
1098 2556 1258 2651 Signum
1272 2556 1447 2648 Witherii
1463 2556 1502 2632 dr
1527 2554 1726 2644 Lantfridi,
1739 2560 1807 2653 qui

535 2654 633 2731 hauc
655 2654 893 2735 donationem
918 2656 1084 2735 fecerunt
1105 2656 1144 2733 &
1164 2652 1551 2755 firmarirogaverunt.
1578 2672 1583 2692 ¹
1604 2656 1806 2754 Wiglarius
1881 2690 1883 2693 ·

537 2754 681 2855 scripsit.

440 2887 442 2898 ·
920 2901 922 2905 ·
1033 2856 1306 2974 DCCCLIX.

888 3036 889 3039 Ν
978 2989 1159 3082 Donatio
1187 2983 1360 3095 Rodulfi.

543 3152 674 3303 Auno
699 3178 774 3256 quo
797 3158 901 3269 supra
924 3180 1003 3253 ego¹
1019 3148 1203 3231 Radulfus
1226 3153 1322 3228 dono
1337 3151 1396 3227 ad
1416 3150 1578 3229 santium
1604 3150 1807 3228 Nazarium

625 3275 844 3356 martyrem,
871 3260 936 3356 qui
958 3257 1154 3354 requiescit
1177 3254 1441 3352 incorporem
1466 3252 1683 3330 monasterio
1707 3254 1807 3327 Lau·

501 3430 506 3443 .
537 3362 705 3451 resham,
732 3364 981 3458 donatumque
1007 3360 1045 3435 in
1065 3372 1280 3458 perpetuum
1301 3354 1370 3430 effe
1394 3356 1479 3431 volo
1492 3408 1504 3445 ,
1530 3356 1630 3454 quod
1642 3355 1733 3429 mihi
1758 3352 1806 3428 de

539 3476 642 3565 parte
656 3464 822 3559 germani
837 3464 911 3538 mei
936 3464 965 3539 F
965 3461 1106 3537 rutheri
1121 3458 1291 3545 obvenit,
1316 3457 1356 3531 in
1371 3470 1466 3534 terra
1481 3458 1645 3533 araturia
1657 3457 1696 3529 in
1713 3454 1806 3531 duo·

415 3652 417 3657 ¹
540 3568 612 3643 bus
629 3568 716 3643 locis
727 3564 741 3663 j
769 3566 807 3643 δι
829 3588 922 3665 pone
932 3561 947 3661 j
970 3562 1105 3659 jurnal.
1121 3563 1161 3635 in
1181 3559 1302 3636 tribus
1323 3560 1414 3634 locis
1436 3573 1565 3659 prata,
1591 3558 1629 3636 δι
1644 3558 1682 3632 in
1705 3554 1806 3630 lber-

435 3743 441 3759 ,
539 3669 681 3743 narheim
697 3670 842 3747 vineam
855 3667 883 3765 j,
910 3690 994 3766 quae
1010 3665 1102 3741 mihi
1118 3686 1182 3764 per
1196 3661 1430 3738 traditionem
1444 3659 1612 3759 conjugis
1625 3681 1723 3777 meae
1741 3656 1806 3732 ob-

442 3764 445 3771 *
537 3771 658 3859 venit,
684 3771 722 3848 δι
734 3786 872 3848 terram
893 3770 1060 3845 votivam
1079 3767 1135 3843 ad
1158 3765 1364 3851 faciendam
1380 3765 1526 3840 vineam
1542 3764 1662 3839 eidem
1687 3779 1805 3837 vrueae

537 3873 808 3962 cohaerentem,
835 3874 941 3949 trado
954 3872 995 3947 in
1019 3870 1088 3945 Dei
1116 3863 1265 3944 nomine
1278 3868 1536 3967 perpetualiter
1548 3862 1803 3964 poffidendam

536 3972 766 4075 stipulatione
779 3974 946 4093 subnixa.
1001 3970 1140 4051 Attum
1154 3972 1194 4049 iu
1209 3968 1427 4049 monasterio
1449 3955 1804 4141 moirolrp'niilgra·
