3959 5359
997 408 1357 499 Tnanrnromns

1289 573 1818 597 Ἥ

802 786 984 931 Duratio
1012 712 1273 929 Hermffl'f„
1299 838 1574 931 Durinc'heim.
1658 920 1660 927 .

549 1020 652 1153 Ego
671 1009 709 1084 in
734 1005 805 1083 Dei
831 1004 981 1081 nomine
1008 1006 1178 1084 Heriwin
1193 1010 1289 1084 dono
1316 1032 1382 1108 pro
1400 1010 1562 1087 remedio
1577 1011 1714 1090 animae
1733 1034 1827 1092 meae

631 1113 679 1189 ad
692 1108 853 1187 sanetum
879 1106 1083 1184 Nazarium
1096 1124 1301 1207 martyrem
1314 1110 1386 1187 &o
1414 1113 1453 1189 in
1463 1137 1557 1212 pago
1575 1112 1827 1218 Wormatienfi,
1952 1125 1957 1257 f

550 1216 591 1293 in
615 1211 835 1288 Durinchoim
848 1232 976 1287 marca
1005 1211 1153 1288 vineam
1166 1235 1284 1289 unam
1303 1227 1491 1291 tenentem
1507 1216 1700 1293 scamellos
1722 1219 1827 1305 duos,

551 1316 649 1393 adie
662 1312 837 1414 praesente
858 1312 905 1387 de
913 1308 996 1410 jure
1022 1334 1106 1390 meo
1118 1316 1157 1390 in
1166 1312 1228 1411 jus
1251 1314 1290 1391 &
1310 1314 1602 1395 dominationem
1616 1318 1724 1396 sansti
1752 1320 1830 1397 Na·

550 1418 643 1497 narii
663 1417 780 1504 dono,
803 1416 910 1492 trado
925 1428 1038 1513 atque
1051 1416 1269 1495 transfundo
1281 1416 1353 1495 &o
1408 1416 1545 1496 Auum
1559 1421 1597 1501 in
1611 1420 1830 1499 monasterio

552 1514 754 1619 Laureffom
776 1516 840 1593 sub
853 1516 912 1593 die
925 1518 995 1595 llll
1022 1520 1129 1610 idus,
1156 1544 1254 1599 anno
1266 1519 1422 1599 secundo
1442 1524 1547 1619 regni
1567 1524 1708 1601 donnini
1720 1522 1833 1603 nostri

553 1622 682 1703 Karoli
695 1620 805 1719 regis„
855 1618 1010 1699 Samuel
1023 1620 1172 1726 scripsit.
1956 1648 1957 1717 l

524 1986 564 2049 .’
630 1968 827 2063 ,Ποηαιίο
856 1969 1062 2063 Nantheri
1094 1826 1378 2073 &Mssithardi
1405 1974 1447 2064 in
1475 1973 1606 2095 eadem
1631 1974 1739 2063 villa.

406 2177 415 2200 ·
499 2176 510 2199 ·
555 2148 608 2281 ln
627 2137 759 2218 Christi
772 2136 921 2215 nomine
935 2138 999 2215 sub
1015 2138 1075 2216 die
1090 2142 1142 2222 Vl
1162 2142 1247 2219 idus
1267 2144 1374 2247 Julii,
1401 2120 1497 2223 anno
1510 2144 1588 2223 XX'
1596 2144 1713 2243 primo
1729 2139 1834 2239 regni

607 2242 749 2319 domini
761 2241 871 2317 nostri
890 2242 1019 2318 Karoli
1035 2246 1160 2343 regis,
1185 2268 1257 2342 ego
1285 2247 1498 2324 Nantherus
1513 2246 1551 2325 dt
1578 2248 1611 2323 N
1615 2248 1702 2323 itart
1719 2246 1833 2320 dona·

555 2366 643 2422 mus
657 2346 706 2422 ad
724 2344 885 2421 santium
905 2346 981 2421 Dei
1003 2345 1209 2424 Nazarinm
1230 2364 1435 2447 martyrem
1450 2347 1523 2426 dte.
1551 2350 1700 2448 inpage
1725 2347 1834 2423 Wor·

535 2448 721 2525 'mutiensi
735 2448 775 2524 in
799 2448 1021 2523 Durincltcim
1038 2472 1165 2524 marca
1173 2448 1201 2543 jj
1228 2452 1391 2546 peciolas
1407 2452 1453 2523 de
1467 2452 1593 2533 vinea,
1620 2449 1710 2523 &in
1728 2445 1836 2524 Win-

556 2550 712 2647 arnhelm
724 2547 875 2646 marcaj
908 2547 1091 2646 peciolam
1111 2550 1157 2623 de
1176 2546 1320 2622 vineae
1341 2550 1401 2621 die
1431 2548 1608 2644 praesente
1622 2548 1836 2638 donamus,

555 2652 742 2729 tradimus
753 2652 825 2729 dcc.
878 2646 1015 2724 Attum
1031 2647 1069 2722 in
1082 2645 1299 2728 monasterio
1323 2642 1521 2745 Muroffam
1541 2646 1603 2729 sub
1617 2648 1677 2723 die
1690 2646 1836 2723 &tem-

557 2742 669 2855 pore,
695 2778 770 2851 quo
782 2752 898 2849 supra.
950 2749 1110 2843 Signum
1124 2748 1270 2825 Nitardi
1284 2746 1323 2824 &
1349 2746 1548 2833 Nantheri,
1575 2746 1638 2845 qui
1654 2747 1753 2823 hanc
1767 2750 1836 2826 do·
1957 2814 1958 2825 ,

555 2858 744 2935 nationem
757 2854 836 2929 lieri
851 2847 1042 2927 &firmari
1053 2860 1289 2947 rogaverunt.
1343 2849 1425 2945 Ego
1439 2846 1652 2926 isimbertus
1665 2849 1794 2949 scripsi.
1957 2846 1958 2863 ¹

636 3222 641 3232 ·
727 3262 734 3277 .
791 3179 973 3280 Donatio
1002 3180 1072 3276 W
1064 3050 1250 3271 erim}
1267 3179 1308 3269 in
1337 3180 1466 3270 eadem
1495 3178 1603 3270 uilia.

296 3340 301 3349 ’
435 3344 440 3352 ’
557 3363 660 3500 Ego
671 3350 713 3439 in
737 3352 808 3431 uei
822 3352 971 3429 nomine
997 3314 1241 3470 werinherus
1260 3350 1418 3469 noman
1442 3348 1604 3426 faunum
1630 3318 1877 3471 noanon
1956 3404 1957 3409 r

512 3450 1832 3655 ·nll‘lll‘lillllllffltlllllll‘ll’tlslzlllll‘l
1956 3616 1957 3621 ψ

560 3661 739 3760 quicquid
756 3662 937 3761 adipsum
951 3660 1120 3737 mansum
1135 3657 1316 3759 pertinet,
1344 3670 1465 3734 totum
1479 3657 1516 3733 dt
1530 3660 1579 3733 ad
1592 3608 1796 3754 integrum,
1811 3678 1832 3731 a

489 3850 493 3855 ,
560 3762 621 3841 die
635 3764 802 3865 praesenti
822 3767 942 3852 dono,
968 3762 1160 3840 tradente.
1213 3757 1351 3839 Arum
1367 3762 1404 3837 in
1425 3760 1642 3837 monasterio
1669 3754 1833 3857 Mureffn

309 3900 325 3951 .·
384 3898 441 3949 21.
457 3876 530 3951 ost„
561 3866 625 3942 sub
638 3868 698 3941 die
710 3866 780 3942 ΧΠ
792 3866 972 3943 kalendas
986 3862 1234 3951 Novembris,
1260 3886 1358 3939 anno
1373 3862 1477 3943 XLV
1489 3874 1663 3961 regnante
1685 3860 1834 3938 domino

368 3971 373 3981 '
480 3988 484 3996 ’
561 3968 682 4067 nostro
695 3966 832 4045 Karolo
844 3968 1078 4065 imperatore.
1106 3964 1265 4062 Signum
1279 3964 1511 4053 Gwernheri,
1528 3966 1591 4065 qui
1603 3966 1700 4045 hanc
1722 3962 1836 4039 dona·

562 4068 702 4149 tionem
713 4066 794 4145 sieri
807 4064 1166 4163 &firmarirogavit
1190 4062 1382 4169 Altwiuus
1390 4064 1537 4167 scripsit.
1582 4094 1585 4099 ’
1640 4150 1644 4159 ,
1677 4060 1785 4147 mlv.
1821 4099 1831 4137 n
