3959 5359
1014 378 1384 463 Tnsnnnno‘nns

1036 681 1360 774 MMDCCCIII.

383 911 389 924 .
694 953 706 974 α
978 831 1160 930 Donatio
1188 839 1420 932 Guntrami.

400 1033 452 1082 αι.
468 1009 532 1090 Jul.
564 1012 614 1144 In
635 998 766 1080 Christi
782 1000 948 1090 nomine,
973 1001 1034 1080 die
1048 1003 1103 1080 XI
1123 1003 1302 1084 kalendas
1323 1005 1506 1108 Augusti,
1533 1035 1632 1092 anno
1650 1015 1744 1094 XIII
1768 1016 1840 1094 Ka·

615 1106 683 1180 roli
703 1103 827 1200 regis,
853 1127 923 1200 ego
948 1105 1136 1181 Guntram
1157 1107 1254 1182 dono
1280 1109 1329 1186 ad
1350 1111 1517 1191 sanctum
1541 1117 1749 1195 Nazarinm
1770 1132 1840 1194 etc.

563 1206 745 1304 quidquid
765 1207 804 1280 in
821 1231 914 1302 pago
945 1203 1219 1302 Wingartleiba
1242 1211 1282 1286 in
1306 1215 1530 1293 Dalahcimcr
1551 1243 1681 1298 marca
1705 1221 1840 1299 habere

562 1310 662 1386 viius
676 1307 757 1384 sum
770 1308 808 1383 in
821 1305 973 1396 mansis,
1000 1310 1136 1408 pratis,
1163 1309 1274 1403 silvis,
1295 1317 1402 1415 aquis
1414 1332 1485 1397 etc.

1045 1471 1362 1607 nnnccclv.
1403 1541 1410 1554 ·
1505 1576 1509 1582 -
1550 1599 1555 1607 .

599 1653 781 1774 Donatin
810 1654 916 1742 inter
943 1654 1185 1768 Egilbertum
1208 1651 1404 1759 abbatem,
1432 1651 1487 1753 83
1512 1655 1791 1772 Liobgozum.‘

562 1835 612 1964 In
633 1820 766 1900 Christi
787 1821 936 1898 nomine
961 1817 1172 1921 conplacuit
1194 1833 1303 1919 atque
1323 1821 1495 1896 convenit
1515 1817 1610 1897 inter
1635 1825 1835 1902 venerabi·

613 1927 688 2002 lem
711 1923 943 2020 Egilbertum
959 1925 1134 2001 abbatem
1160 1921 1366 2000 monasterii
1387 1921 1502 1999 sancti
1525 1923 1699 2014 Nuntii,
1724 1940 1763 2002 et
1776 1929 1841 2004 vi-

562 2049 649 2104 tum
670 2029 854 2126 quendam
877 2027 1025 2102 nomine
1052 2025 1240 2123 Liobgoz,
1266 2039 1309 2101 ut
1326 2047 1386 2100 res
1402 2026 1486 2101 suas
1500 2023 1594 2101 inter
1612 2025 1646 2102 Ie
1665 2051 1840 2106 commu-

563 2143 695 2208 tarent.
749 2128 860 2205 Dedit
873 2128 986 2224 igitur
1000 2127 1179 2228 praefatus
1192 2127 1289 2205 abba
1300 2128 1457 2228 praefato
1471 2126 1550 2203 iiro
1564 2129 1602 2203 in
1616 2130 1706 2206 villa
1720 2131 1840 2206 Hart-

564 2235 650 2310 lm'm
668 2245 816 2332 pratum
828 2227 864 2326 j;
890 2243 1055 2308 econtra
1068 2231 1170 2307 dedit
1183 2229 1377 2330 praedictus
1396 2231 1454 2306 vir
1467 2228 1507 2304 in
1523 2228 1733 2329 supradicta
1745 2234 1839 2308 Dal-

563 2337 687 2411 in'mer
712 2355 841 2410 marca
861 2330 1027 2427 jurnales
1037 2331 1092 2430 jjjj
1120 2347 1160 2410 et
1190 2329 1373 2432 pratum]
1407 2330 1635 2430 stipulatione
1669 2333 1837 2410 subnixa.
1878 2360 1884 2371 ·

379 2479 431 2546 ²5·
449 2457 533 2545 Sept
564 2435 705 2516 Actum
720 2437 758 2512 in
773 2433 991 2512 monasterio
1017 2436 1259 2524 laurisham,
1285 2435 1343 2510 die
1357 2434 1428 2513 VII
1443 2435 1621 2512 kalendas
1647 2433 1837 2526 Octobris,

566 2564 661 2620 anno
674 2539 745 2620 XX
762 2538 955 2618 Ludowiei
968 2537 1212 2655 Imperatgrin

1038 2723 1338 2840 MMDCCCV.
1491 2838 1494 2841 ι

951 2873 1138 3002 Donato,
1160 2867 1421 2986 Tingenkeri.

412 3125 415 3132 ,
564 3070 664 3201 Ego
679 3061 717 3138 in
743 3056 813 3134 Dei
827 3047 975 3130 nomine
987 3041 1209 3140 Theganher
1221 3063 1286 3142 pro
1299 3036 1460 3115 remedio
1474 3038 1606 3118 animae
1621 3063 1718 3122 meae
1732 3045 1843 3125 dono

444 3185 448 3188 ·
641 3165 690 3242 ad
712 3159 878 3237 sanctum
912 3149 1118 3231 Nazarium
1142 3159 1212 3222 etc.
1237 3155 1355 3220 unum
1380 3139 1526 3218 servum
1557 3143 1598 3219 in
1626 3143 1840 3244 supradicta

566 3289 691 3342 marca
714 3266 753 3339 in
767 3259 829 3359 jus
852 3272 891 3334 et
910 3250 1122 3332 dominium
1146 3246 1260 3326 sancti
1283 3243 1432 3323 Nazarii
1452 3245 1568 3334 dono,
1594 3247 1700 3322 trado
1721 3251 1841 3347 atque

485 3415 488 3422 Δ
565 3367 782 3446 transfundo
803 3359 1033 3460 stipulatione
1053 3353 1219 3432 subnixa.
1271 3345 1414 3426 Actum
1437 3347 1476 3422 in
1496 3346 1713 3426 monasterio
1728 3352 1839 3429 Lau.
1909 3410 1910 3413 a

287 3542 294 3554 s
403 3495 455 3566 31.
465 3477 536 3568 Msj.
567 3461 727 3560 tlshain,
752 3467 812 3542 die
827 3465 863 3542 ll
881 3460 1062 3540 kalendas
1078 3455 1197 3558 Junii,
1221 3475 1320 3532 anno
1341 3449 1518 3532 XXXVII
1532 3451 1786 3552 Kanoliregis.
