<?xml version="1.0" encoding="UTF-8"?>
<!DOCTYPE html PUBLIC "-//W3C//DTD XHTML 1.0 Transitional//EN"
    "http://www.w3.org/TR/xhtml1/DTD/xhtml1-transitional.dtd">
<html xmlns="http://www.w3.org/1999/xhtml" xml:lang="en" lang="en">
 <head>
  <title>
</title>
<meta http-equiv="Content-Type" content="text/html;charset=utf-8" />
  <meta name='ocr-system' content='tesseract 3.04.00' />
  <meta name='ocr-capabilities' content='ocr_page ocr_carea ocr_par ocr_line ocrx_word'/>
</head>
<body>
  <div class='ocr_page' id='page_1' title='image "./codexprincipiso00theogoog_0041.png"; bbox 0 0 3959 5359; ppageno 0'>
   <div class='ocr_carea' id='block_1_1' title="bbox 623 392 1469 497">
    <p class='ocr_par' dir='ltr' id='par_1_1' title="bbox 623 392 1469 497">
     <span class='ocr_line' id='line_1_1' title="bbox 623 392 1469 497; baseline -0.005 -25"><span class='ocrx_word' id='word_1_1' title='bbox 623 415 679 472; x_wconf 82' lang='lat' dir='ltr'>ru</span> <span class='ocrx_word' id='word_1_2' title='bbox 706 412 838 470; x_wconf 79' lang='lat' dir='ltr'>anno</span> <span class='ocrx_word' id='word_1_3' title='bbox 861 392 1099 477; x_wconf 77' lang='lat' dir='ltr'>Wonrrrr.</span> <span class='ocrx_word' id='word_1_4' title='bbox 1129 415 1132 424; x_wconf 93' lang='lat'><em>·</em></span> <span class='ocrx_word' id='word_1_5' title='bbox 1216 484 1220 497; x_wconf 19' lang='grc' dir='ltr'>ἱ</span> <span class='ocrx_word' id='word_1_6' title='bbox 1420 422 1469 497; x_wconf 74' lang='lat'>¹⁹</span> 
     </span>
    </p>
   </div>
   <div class='ocr_carea' id='block_1_2' title="bbox 619 694 1078 939">
    <p class='ocr_par' dir='ltr' id='par_1_2' title="bbox 619 694 1078 939">
     <span class='ocr_line' id='line_1_2' title="bbox 678 694 985 789; baseline -0.013 -3"><span class='ocrx_word' id='word_1_7' title='bbox 678 694 985 789; x_wconf 74' lang='lat' dir='ltr'>mccnxvr.</span> 
     </span>
     <span class='ocr_line' id='line_1_3' title="bbox 619 824 1078 939; baseline 0.002 -22"><span class='ocrx_word' id='word_1_8' title='bbox 619 824 794 917; x_wconf 67' lang='lat' dir='ltr'>nauto</span> <span class='ocrx_word' id='word_1_9' title='bbox 820 824 1078 939; x_wconf 61' lang='lat' dir='ltr'>Laranda,</span> 
     </span>
    </p>
   </div>
   <div class='ocr_carea' id='block_1_3' title="bbox 175 978 1914 1801">
    <p class='ocr_par' dir='ltr' id='par_1_3' title="bbox 187 978 1639 1129">
     <span class='ocr_line' id='line_1_4' title="bbox 187 978 1639 1129; baseline 0.006 -64"><span class='ocrx_word' id='word_1_10' title='bbox 187 998 247 1129; x_wconf 74' lang='lat' dir='ltr'>In</span> <span class='ocrx_word' id='word_1_11' title='bbox 270 987 409 1069; x_wconf 82' lang='lat' dir='ltr'>Christi</span> <span class='ocrx_word' id='word_1_12' title='bbox 426 978 579 1067; x_wconf 85' lang='lat' dir='ltr'>nomine</span> <span class='ocrx_word' id='word_1_13' title='bbox 603 994 664 1069; x_wconf 88' lang='lat' dir='ltr'>sub</span> <span class='ocrx_word' id='word_1_14' title='bbox 682 994 740 1067; x_wconf 90' lang='lat' dir='ltr'>die</span> <span class='ocrx_word' id='word_1_15' title='bbox 763 988 814 1069; x_wconf 87' lang='lat' dir='ltr'>Vl</span> <span class='ocrx_word' id='word_1_16' title='bbox 832 992 1013 1069; x_wconf 73' lang='lat' dir='ltr'><strong>kalendas</strong></span> <span class='ocrx_word' id='word_1_17' title='bbox 1037 992 1145 1068; x_wconf 84' lang='lat' dir='ltr'><strong>Febr.</strong></span> <span class='ocrx_word' id='word_1_18' title='bbox 1168 1016 1269 1068; x_wconf 85' lang='lat' dir='ltr'>anno</span> <span class='ocrx_word' id='word_1_19' title='bbox 1281 992 1352 1071; x_wconf 83' lang='lat' dir='ltr'>Vll</span> <span class='ocrx_word' id='word_1_20' title='bbox 1366 994 1470 1088; x_wconf 76' lang='lat' dir='ltr'>regni</span> <span class='ocrx_word' id='word_1_21' title='bbox 1497 1004 1554 1073; x_wconf 71' lang='lat'>27·</span> <span class='ocrx_word' id='word_1_22' title='bbox 1569 986 1639 1063; x_wconf 73' lang='lat'>1⁸¹·</span> 
     </span>
    </p>

    <p class='ocr_par' dir='ltr' id='par_1_4' title="bbox 175 1092 1914 1801">
     <span class='ocr_line' id='line_1_5' title="bbox 242 1092 1472 1187; baseline 0 -20"><span class='ocrx_word' id='word_1_23' title='bbox 242 1094 391 1169; x_wconf 87' lang='lat' dir='ltr'>domini</span> <span class='ocrx_word' id='word_1_24' title='bbox 408 1094 518 1168; x_wconf 87' lang='lat' dir='ltr'>nostri</span> <span class='ocrx_word' id='word_1_25' title='bbox 544 1093 660 1167; x_wconf 85' lang='lat' dir='ltr'>Karoli</span> <span class='ocrx_word' id='word_1_26' title='bbox 684 1092 804 1187; x_wconf 88' lang='lat' dir='ltr'>regis,</span> <span class='ocrx_word' id='word_1_27' title='bbox 831 1118 898 1168; x_wconf 88' lang='lat' dir='ltr'>nos</span> <span class='ocrx_word' id='word_1_28' title='bbox 924 1093 1194 1171; x_wconf 85' lang='lat' dir='ltr'>Lantfridus&amp;</span> <span class='ocrx_word' id='word_1_29' title='bbox 1222 1092 1385 1169; x_wconf 89' lang='lat' dir='ltr'>Hiuoriu</span> <span class='ocrx_word' id='word_1_30' title='bbox 1408 1094 1472 1167; x_wconf 92' lang='lat' dir='ltr'>do-</span> 
     </span>
     <span class='ocr_line' id='line_1_6' title="bbox 186 1194 1914 1293; baseline 0.003 -23"><span class='ocrx_word' id='word_1_31' title='bbox 186 1202 334 1270; x_wconf 75' lang='lat' dir='ltr'>namus</span> <span class='ocrx_word' id='word_1_32' title='bbox 349 1218 463 1271; x_wconf 87' lang='lat' dir='ltr'>manu</span> <span class='ocrx_word' id='word_1_33' title='bbox 478 1194 682 1290; x_wconf 73' lang='lat' dir='ltr'>potellatira</span> <span class='ocrx_word' id='word_1_34' title='bbox 695 1216 759 1291; x_wconf 91' lang='lat' dir='ltr'>pro</span> <span class='ocrx_word' id='word_1_35' title='bbox 775 1195 900 1271; x_wconf 87' lang='lat' dir='ltr'>anima</span> <span class='ocrx_word' id='word_1_36' title='bbox 928 1196 1136 1293; x_wconf 86' lang='lat' dir='ltr'>Wolfleigae</span> <span class='ocrx_word' id='word_1_37' title='bbox 1152 1196 1202 1269; x_wconf 85' lang='lat' dir='ltr'>ad</span> <span class='ocrx_word' id='word_1_38' title='bbox 1220 1194 1382 1270; x_wconf 73' lang='lat' dir='ltr'>laneum</span> <span class='ocrx_word' id='word_1_39' title='bbox 1393 1196 1471 1273; x_wconf 79' lang='lat' dir='ltr'>Na·</span> <span class='ocrx_word' id='word_1_40' title='bbox 1740 1254 1750 1290; x_wconf 86' lang='grc'>,</span> <span class='ocrx_word' id='word_1_41' title='bbox 1857 1244 1866 1266; x_wconf 72' lang='grc' dir='ltr'><strong><em>ι</em></strong></span> <span class='ocrx_word' id='word_1_42' title='bbox 1898 1254 1914 1276; x_wconf 79' lang='lat'><strong>.</strong></span> 
     </span>
     <span class='ocr_line' id='line_1_7' title="bbox 187 1231 1908 1395; baseline 0.001 -26"><span class='ocrx_word' id='word_1_43' title='bbox 187 1298 338 1373; x_wconf 87' lang='lat' dir='ltr'>zarium</span> <span class='ocrx_word' id='word_1_44' title='bbox 352 1294 629 1389; x_wconf 82' lang='lat' dir='ltr'>martyremdrc.</span> <span class='ocrx_word' id='word_1_45' title='bbox 657 1291 950 1390; x_wconf 82' lang='lat' dir='ltr'>ijmanloscum</span> <span class='ocrx_word' id='word_1_46' title='bbox 974 1318 1080 1393; x_wconf 75' lang='lat' dir='ltr'>vaJJJ</span> <span class='ocrx_word' id='word_1_47' title='bbox 1103 1296 1360 1392; x_wconf 79' lang='lat' dir='ltr'>jurnalterrae</span> <span class='ocrx_word' id='word_1_48' title='bbox 1383 1320 1469 1373; x_wconf 89' lang='lat' dir='ltr'>ara·</span> <span class='ocrx_word' id='word_1_49' title='bbox 1523 1286 1745 1386; x_wconf 62' lang='lat' dir='ltr'>naum-e·</span> <span class='ocrx_word' id='word_1_50' title='bbox 1789 1231 1908 1395; x_wconf 52' lang='lat' dir='ltr'>fluide</span> 
     </span>
     <span class='ocr_line' id='line_1_8' title="bbox 187 1384 1892 1547; baseline -0.019 -76"><span class='ocrx_word' id='word_1_51' title='bbox 187 1398 301 1475; x_wconf 85' lang='lat' dir='ltr'>turiae</span> <span class='ocrx_word' id='word_1_52' title='bbox 320 1398 356 1471; x_wconf 88' lang='lat' dir='ltr'>in</span> <span class='ocrx_word' id='word_1_53' title='bbox 377 1394 665 1493; x_wconf 77' lang='lat' dir='ltr'>Heppbenlreimer</span> <span class='ocrx_word' id='word_1_54' title='bbox 686 1418 815 1473; x_wconf 87' lang='lat' dir='ltr'>marca</span> <span class='ocrx_word' id='word_1_55' title='bbox 829 1396 945 1485; x_wconf 80' lang='lat' dir='ltr'>sitos,</span> <span class='ocrx_word' id='word_1_56' title='bbox 971 1397 1036 1493; x_wconf 86' lang='lat' dir='ltr'>&amp;j</span> <span class='ocrx_word' id='word_1_57' title='bbox 1065 1399 1238 1498; x_wconf 85' lang='lat' dir='ltr'>petiolam</span> <span class='ocrx_word' id='word_1_58' title='bbox 1254 1399 1376 1500; x_wconf 89' lang='lat' dir='ltr'>prati,</span> <span class='ocrx_word' id='word_1_59' title='bbox 1403 1399 1465 1475; x_wconf 82' lang='lat' dir='ltr'>vel</span> <span class='ocrx_word' id='word_1_60' title='bbox 1520 1434 1586 1533; x_wconf 51' lang='lat' dir='ltr'>pv</span> <span class='ocrx_word' id='word_1_61' title='bbox 1598 1436 1642 1513; x_wconf 46' lang='lat' dir='ltr'>‘x</span> <span class='ocrx_word' id='word_1_62' title='bbox 1676 1384 1791 1547; x_wconf 51' lang='grc' dir='ltr'>,ιω</span> <span class='ocrx_word' id='word_1_63' title='bbox 1802 1422 1892 1497; x_wconf 47' lang='lat' dir='ltr'>Mu</span> 
     </span>
     <span class='ocr_line' id='line_1_9' title="bbox 184 1496 1464 1599; baseline 0.005 -27"><span class='ocrx_word' id='word_1_64' title='bbox 184 1497 361 1594; x_wconf 81' lang='lat' dir='ltr'>quidquid</span> <span class='ocrx_word' id='word_1_65' title='bbox 376 1497 459 1594; x_wconf 83' lang='lat' dir='ltr'>ipsa</span> <span class='ocrx_word' id='word_1_66' title='bbox 483 1496 619 1573; x_wconf 84' lang='lat' dir='ltr'>ibidem</span> <span class='ocrx_word' id='word_1_67' title='bbox 638 1497 775 1573; x_wconf 87' lang='lat' dir='ltr'>habere</span> <span class='ocrx_word' id='word_1_68' title='bbox 793 1498 871 1575; x_wconf 82' lang='lat' dir='ltr'>visa</span> <span class='ocrx_word' id='word_1_69' title='bbox 891 1499 988 1587; x_wconf 86' lang='lat' dir='ltr'>fuit,</span> <span class='ocrx_word' id='word_1_70' title='bbox 1014 1502 1061 1576; x_wconf 82' lang='lat' dir='ltr'>ad</span> <span class='ocrx_word' id='word_1_71' title='bbox 1075 1500 1256 1599; x_wconf 80' lang='lat' dir='ltr'>integmm</span> <span class='ocrx_word' id='word_1_72' title='bbox 1282 1502 1464 1579; x_wconf 74' lang='lat' dir='ltr'>tradimus</span> 
     </span>
     <span class='ocr_line' id='line_1_10' title="bbox 176 1598 1465 1703; baseline 0.005 -30"><span class='ocrx_word' id='word_1_73' title='bbox 176 1598 218 1673; x_wconf 88' lang='lat' dir='ltr'>in</span> <span class='ocrx_word' id='word_1_74' title='bbox 244 1598 317 1675; x_wconf 88' lang='lat' dir='ltr'>Dei</span> <span class='ocrx_word' id='word_1_75' title='bbox 331 1600 483 1673; x_wconf 89' lang='lat' dir='ltr'>nomine</span> <span class='ocrx_word' id='word_1_76' title='bbox 500 1601 760 1699; x_wconf 83' lang='lat' dir='ltr'>perpetualiter</span> <span class='ocrx_word' id='word_1_77' title='bbox 785 1600 835 1677; x_wconf 89' lang='lat' dir='ltr'>ad</span> <span class='ocrx_word' id='word_1_78' title='bbox 861 1601 1112 1701; x_wconf 86' lang='lat' dir='ltr'>poliidendos‚</span> <span class='ocrx_word' id='word_1_79' title='bbox 1139 1602 1366 1703; x_wconf 86' lang='lat' dir='ltr'>stipulatione</span> <span class='ocrx_word' id='word_1_80' title='bbox 1385 1602 1465 1679; x_wconf 88' lang='lat' dir='ltr'>sub·</span> 
     </span>
     <span class='ocr_line' id='line_1_11' title="bbox 175 1699 1464 1801; baseline 0.005 -26"><span class='ocrx_word' id='word_1_81' title='bbox 175 1699 278 1775; x_wconf 84' lang='lat' dir='ltr'>nixa.</span> <span class='ocrx_word' id='word_1_82' title='bbox 334 1699 476 1777; x_wconf 72' lang='lat' dir='ltr'>Atrum</span> <span class='ocrx_word' id='word_1_83' title='bbox 493 1702 532 1774; x_wconf 90' lang='lat' dir='ltr'>in</span> <span class='ocrx_word' id='word_1_84' title='bbox 547 1700 760 1778; x_wconf 86' lang='lat' dir='ltr'>monasterio</span> <span class='ocrx_word' id='word_1_85' title='bbox 787 1702 1017 1782; x_wconf 64' lang='lat' dir='ltr'>tauram</span> <span class='ocrx_word' id='word_1_86' title='bbox 1047 1706 1205 1801; x_wconf 79' lang='lat' dir='ltr'>Signum</span> <span class='ocrx_word' id='word_1_87' title='bbox 1227 1704 1408 1781; x_wconf 82' lang='lat' dir='ltr'>Lantsridi</span> <span class='ocrx_word' id='word_1_88' title='bbox 1424 1702 1464 1781; x_wconf 80' lang='lat' dir='ltr'>dt</span> 
     </span>
    </p>
   </div>
   <div class='ocr_carea' id='block_1_4' title="bbox 176 1800 1459 1907">
    <p class='ocr_par' dir='ltr' id='par_1_5' title="bbox 176 1800 1459 1907">
     <span class='ocr_line' id='line_1_12' title="bbox 176 1800 1459 1907; baseline 0.002 -27"><span class='ocrx_word' id='word_1_89' title='bbox 176 1800 372 1893; x_wconf 89' lang='lat' dir='ltr'>Hiuorini‚</span> <span class='ocrx_word' id='word_1_90' title='bbox 399 1803 467 1901; x_wconf 90' lang='lat' dir='ltr'>qui</span> <span class='ocrx_word' id='word_1_91' title='bbox 481 1801 582 1881; x_wconf 86' lang='lat' dir='ltr'>hanc</span> <span class='ocrx_word' id='word_1_92' title='bbox 595 1804 833 1881; x_wconf 84' lang='lat' dir='ltr'>donationem</span> <span class='ocrx_word' id='word_1_93' title='bbox 847 1804 1023 1883; x_wconf 87' lang='lat' dir='ltr'>fecerunt.</span> <span class='ocrx_word' id='word_1_94' title='bbox 1074 1808 1304 1907; x_wconf 81' lang='lat' dir='ltr'>Homungus</span> <span class='ocrx_word' id='word_1_95' title='bbox 1316 1802 1459 1907; x_wconf 83' lang='lat' dir='ltr'>scripsit.</span> 
     </span>
    </p>
   </div>
   <div class='ocr_carea' id='block_1_5' title="bbox 662 2005 995 2101">
    <p class='ocr_par' dir='ltr' id='par_1_6' title="bbox 662 2005 995 2101">
     <span class='ocr_line' id='line_1_13' title="bbox 662 2005 995 2101; baseline -0.003 -4"><span class='ocrx_word' id='word_1_96' title='bbox 662 2005 995 2101; x_wconf 75' lang='lat' dir='ltr'><strong>DCOCLXVH.</strong></span> 
     </span>
    </p>
   </div>
   <div class='ocr_carea' id='block_1_6' title="bbox 176 2130 1465 2429">
    <p class='ocr_par' dir='ltr' id='par_1_7' title="bbox 176 2130 1465 2429">
     <span class='ocr_line' id='line_1_14' title="bbox 614 2130 1032 2225; baseline 0.007 -6"><span class='ocrx_word' id='word_1_97' title='bbox 614 2130 791 2219; x_wconf 77' lang='lat' dir='ltr'>Duratio</span> <span class='ocrx_word' id='word_1_98' title='bbox 818 2132 1032 2225; x_wconf 76' lang='lat' dir='ltr'>Liutroini.</span> 
     </span>
     <span class='ocr_line' id='line_1_15' title="bbox 176 2274 1465 2429; baseline -0.004 -60"><span class='ocrx_word' id='word_1_99' title='bbox 176 2304 238 2429; x_wconf 75' lang='lat' dir='ltr'>In</span> <span class='ocrx_word' id='word_1_100' title='bbox 253 2290 384 2366; x_wconf 85' lang='lat' dir='ltr'>mense</span> <span class='ocrx_word' id='word_1_101' title='bbox 408 2274 598 2367; x_wconf 84' lang='lat' dir='ltr'>Novemb.</span> <span class='ocrx_word' id='word_1_102' title='bbox 614 2310 708 2363; x_wconf 92' lang='lat' dir='ltr'>anno</span> <span class='ocrx_word' id='word_1_103' title='bbox 728 2312 801 2387; x_wconf 90' lang='lat' dir='ltr'>quo</span> <span class='ocrx_word' id='word_1_104' title='bbox 816 2288 938 2387; x_wconf 86' lang='lat' dir='ltr'>supra,</span> <span class='ocrx_word' id='word_1_105' title='bbox 963 2314 1034 2387; x_wconf 75' lang='lat' dir='ltr'>ego</span> <span class='ocrx_word' id='word_1_106' title='bbox 1053 2293 1381 2369; x_wconf 77' lang='lat' dir='ltr'>Luitwinuedono</span> <span class='ocrx_word' id='word_1_107' title='bbox 1399 2310 1465 2389; x_wconf 87' lang='lat' dir='ltr'>pro</span> 
     </span>
    </p>
   </div>
   <div class='ocr_carea' id='block_1_7' title="bbox 85 2388 1488 2900">
    <p class='ocr_par' dir='ltr' id='par_1_8' title="bbox 233 2388 1463 2487">
     <span class='ocr_line' id='line_1_16' title="bbox 233 2388 1463 2487; baseline 0 -20"><span class='ocrx_word' id='word_1_108' title='bbox 233 2394 379 2467; x_wconf 85' lang='lat' dir='ltr'>animae</span> <span class='ocrx_word' id='word_1_109' title='bbox 391 2414 494 2466; x_wconf 84' lang='lat' dir='ltr'>meae</span> <span class='ocrx_word' id='word_1_110' title='bbox 518 2388 681 2464; x_wconf 87' lang='lat' dir='ltr'>remedio</span> <span class='ocrx_word' id='word_1_111' title='bbox 696 2390 745 2465; x_wconf 89' lang='lat' dir='ltr'>ad</span> <span class='ocrx_word' id='word_1_112' title='bbox 760 2388 921 2465; x_wconf 71' lang='lat' dir='ltr'>santium</span> <span class='ocrx_word' id='word_1_113' title='bbox 948 2390 1147 2467; x_wconf 83' lang='lat' dir='ltr'>Nazarium</span> <span class='ocrx_word' id='word_1_114' title='bbox 1169 2390 1300 2469; x_wconf 84' lang='lat' dir='ltr'>Christi</span> <span class='ocrx_word' id='word_1_115' title='bbox 1318 2405 1463 2487; x_wconf 83' lang='lat' dir='ltr'>marty·</span> 
     </span>
    </p>

    <p class='ocr_par' dir='ltr' id='par_1_9' title="bbox 85 2490 1488 2900">
     <span class='ocr_line' id='line_1_17' title="bbox 85 2490 1459 2593; baseline -0.001 -24"><span class='ocrx_word' id='word_1_116' title='bbox 85 2552 88 2557; x_wconf 89' lang='lat'>.</span> <span class='ocrx_word' id='word_1_117' title='bbox 173 2515 258 2569; x_wconf 87' lang='lat' dir='ltr'>rem</span> <span class='ocrx_word' id='word_1_118' title='bbox 281 2490 355 2568; x_wconf 75' lang='lat' dir='ltr'>&amp;o</span> <span class='ocrx_word' id='word_1_119' title='bbox 377 2490 436 2588; x_wconf 79' lang='lat' dir='ltr'>jjjj</span> <span class='ocrx_word' id='word_1_120' title='bbox 458 2490 597 2587; x_wconf 82' lang='lat' dir='ltr'>jornal.</span> <span class='ocrx_word' id='word_1_121' title='bbox 628 2504 735 2567; x_wconf 83' lang='lat' dir='ltr'>terrae</span> <span class='ocrx_word' id='word_1_122' title='bbox 759 2490 934 2566; x_wconf 79' lang='lat' dir='ltr'>araturiae</span> <span class='ocrx_word' id='word_1_123' title='bbox 953 2493 991 2567; x_wconf 88' lang='lat' dir='ltr'>ln</span> <span class='ocrx_word' id='word_1_124' title='bbox 1016 2492 1292 2593; x_wconf 70' lang='lat' dir='ltr'>lileppbenkeim,</span> <span class='ocrx_word' id='word_1_125' title='bbox 1329 2514 1459 2593; x_wconf 83' lang='lat' dir='ltr'>perpe·</span> 
     </span>
     <span class='ocr_line' id='line_1_18' title="bbox 173 2590 1488 2693; baseline 0 -22"><span class='ocrx_word' id='word_1_126' title='bbox 173 2592 336 2671; x_wconf 89' lang='lat' dir='ltr'>tualiter</span> <span class='ocrx_word' id='word_1_127' title='bbox 358 2591 613 2693; x_wconf 72' lang='lat' dir='ltr'>polluendas,</span> <span class='ocrx_word' id='word_1_128' title='bbox 637 2590 868 2693; x_wconf 85' lang='lat' dir='ltr'>stipulatione</span> <span class='ocrx_word' id='word_1_129' title='bbox 888 2590 1051 2671; x_wconf 84' lang='lat' dir='ltr'>subnixa.</span> <span class='ocrx_word' id='word_1_130' title='bbox 1103 2592 1242 2671; x_wconf 75' lang='lat' dir='ltr'>Atium</span> <span class='ocrx_word' id='word_1_131' title='bbox 1261 2594 1301 2671; x_wconf 90' lang='lat' dir='ltr'>in</span> <span class='ocrx_word' id='word_1_132' title='bbox 1324 2616 1488 2693; x_wconf 51' lang='lat' dir='ltr'>mona,</span> 
     </span>
     <span class='ocr_line' id='line_1_19' title="bbox 172 2692 1454 2797; baseline 0.005 -26"><span class='ocrx_word' id='word_1_133' title='bbox 172 2694 288 2771; x_wconf 85' lang='lat' dir='ltr'>sterio</span> <span class='ocrx_word' id='word_1_134' title='bbox 313 2696 537 2771; x_wconf 62' lang='lat' dir='ltr'>mearam.</span> <span class='ocrx_word' id='word_1_135' title='bbox 588 2692 748 2793; x_wconf 79' lang='lat' dir='ltr'>Signum</span> <span class='ocrx_word' id='word_1_136' title='bbox 768 2694 972 2787; x_wconf 73' lang='lat' dir='ltr'>tormini,</span> <span class='ocrx_word' id='word_1_137' title='bbox 1006 2695 1072 2797; x_wconf 85' lang='lat' dir='ltr'>qui</span> <span class='ocrx_word' id='word_1_138' title='bbox 1092 2694 1192 2777; x_wconf 84' lang='lat' dir='ltr'>hanc</span> <span class='ocrx_word' id='word_1_139' title='bbox 1216 2696 1454 2777; x_wconf 75' lang='lat' dir='ltr'>donationem</span> 
     </span>
     <span class='ocr_line' id='line_1_20' title="bbox 173 2796 649 2900; baseline -0.004 -21"><span class='ocrx_word' id='word_1_140' title='bbox 173 2797 279 2879; x_wconf 78' lang='lat' dir='ltr'>fecit.</span> <span class='ocrx_word' id='word_1_141' title='bbox 333 2797 485 2879; x_wconf 81' lang='lat' dir='ltr'>Samuel</span> <span class='ocrx_word' id='word_1_142' title='bbox 500 2796 649 2900; x_wconf 80' lang='lat' dir='ltr'>scripsit.</span> 
     </span>
    </p>
   </div>
   <div class='ocr_carea' id='block_1_8' title="bbox 404 3000 1235 3251">
    <p class='ocr_par' dir='ltr' id='par_1_10' title="bbox 404 3000 1235 3251">
     <span class='ocr_line' id='line_1_21' title="bbox 636 3000 988 3095; baseline -0.011 -2"><span class='ocrx_word' id='word_1_143' title='bbox 636 3000 988 3095; x_wconf 84' lang='lat' dir='ltr'><strong>DCCCLXVffl.</strong></span> 
     </span>
     <span class='ocr_line' id='line_1_22' title="bbox 404 3128 1235 3251; baseline 0.007 -36"><span class='ocrx_word' id='word_1_144' title='bbox 404 3128 579 3219; x_wconf 73' lang='lat' dir='ltr'>Duratio</span> <span class='ocrx_word' id='word_1_145' title='bbox 607 3130 830 3223; x_wconf 79' lang='lat' dir='ltr'>Dietnondl&#39;</span> <span class='ocrx_word' id='word_1_146' title='bbox 858 3134 900 3221; x_wconf 79' lang='lat' dir='ltr'>ia</span> <span class='ocrx_word' id='word_1_147' title='bbox 927 3130 1235 3251; x_wconf 69' lang='lat' dir='ltr'>Hepplaleim.</span> 
     </span>
    </p>
   </div>
   <div class='ocr_carea' id='block_1_9' title="bbox 178 3288 1456 3899">
    <p class='ocr_par' dir='ltr' id='par_1_11' title="bbox 178 3288 1453 3432">
     <span class='ocr_line' id='line_1_23' title="bbox 178 3288 1453 3432; baseline 0.005 -65"><span class='ocrx_word' id='word_1_148' title='bbox 178 3302 235 3432; x_wconf 73' lang='lat' dir='ltr'>In</span> <span class='ocrx_word' id='word_1_149' title='bbox 252 3288 381 3368; x_wconf 62' lang='lat' dir='ltr'>ottavo</span> <span class='ocrx_word' id='word_1_150' title='bbox 396 3314 495 3367; x_wconf 85' lang='lat' dir='ltr'>anno</span> <span class='ocrx_word' id='word_1_151' title='bbox 508 3296 607 3387; x_wconf 81' lang='lat' dir='ltr'>regni</span> <span class='ocrx_word' id='word_1_152' title='bbox 619 3296 759 3372; x_wconf 86' lang='lat' dir='ltr'>domini</span> <span class='ocrx_word' id='word_1_153' title='bbox 772 3294 880 3373; x_wconf 84' lang='lat' dir='ltr'>nostri</span> <span class='ocrx_word' id='word_1_154' title='bbox 900 3298 1027 3374; x_wconf 84' lang='lat' dir='ltr'>Karoli</span> <span class='ocrx_word' id='word_1_155' title='bbox 1040 3301 1135 3397; x_wconf 82' lang='lat' dir='ltr'>regis</span> <span class='ocrx_word' id='word_1_156' title='bbox 1148 3324 1222 3396; x_wconf 84' lang='lat' dir='ltr'>ego</span> <span class='ocrx_word' id='word_1_157' title='bbox 1246 3298 1453 3375; x_wconf 84' lang='lat' dir='ltr'>Dietnantlr</span> 
     </span>
    </p>

    <p class='ocr_par' dir='ltr' id='par_1_12' title="bbox 179 3392 1456 3899">
     <span class='ocr_line' id='line_1_24' title="bbox 235 3392 1454 3493; baseline 0.003 -26"><span class='ocrx_word' id='word_1_158' title='bbox 235 3394 336 3470; x_wconf 88' lang='lat' dir='ltr'>dono</span> <span class='ocrx_word' id='word_1_159' title='bbox 348 3394 397 3469; x_wconf 86' lang='lat' dir='ltr'>ad</span> <span class='ocrx_word' id='word_1_160' title='bbox 415 3392 581 3469; x_wconf 72' lang='lat' dir='ltr'>santium</span> <span class='ocrx_word' id='word_1_161' title='bbox 606 3394 809 3467; x_wconf 82' lang='lat' dir='ltr'>Nazarium</span> <span class='ocrx_word' id='word_1_162' title='bbox 821 3396 952 3469; x_wconf 83' lang='lat' dir='ltr'>Christi</span> <span class='ocrx_word' id='word_1_163' title='bbox 965 3400 1245 3493; x_wconf 77' lang='lat' dir='ltr'>martyremdm.</span> <span class='ocrx_word' id='word_1_164' title='bbox 1272 3422 1299 3469; x_wconf 89' lang='lat' dir='ltr'>x</span> <span class='ocrx_word' id='word_1_165' title='bbox 1316 3396 1454 3489; x_wconf 79' lang='lat' dir='ltr'>jurnal.</span> 
     </span>
     <span class='ocr_line' id='line_1_25' title="bbox 179 3490 1455 3595; baseline 0.003 -30"><span class='ocrx_word' id='word_1_166' title='bbox 179 3493 223 3569; x_wconf 90' lang='lat' dir='ltr'>in</span> <span class='ocrx_word' id='word_1_167' title='bbox 251 3494 501 3595; x_wconf 77' lang='lat' dir='ltr'>Hepplunlrcsm</span> <span class='ocrx_word' id='word_1_168' title='bbox 535 3492 574 3571; x_wconf 89' lang='lat'>&amp;</span> <span class='ocrx_word' id='word_1_169' title='bbox 591 3490 621 3589; x_wconf 87' lang='lat' dir='ltr'>jj</span> <span class='ocrx_word' id='word_1_170' title='bbox 648 3490 859 3593; x_wconf 84' lang='lat' dir='ltr'>mancipia,</span> <span class='ocrx_word' id='word_1_171' title='bbox 891 3492 1154 3571; x_wconf 83' lang='lat' dir='ltr'>Udalsnindam</span> <span class='ocrx_word' id='word_1_172' title='bbox 1178 3496 1219 3571; x_wconf 80' lang='lat' dir='ltr'>dt</span> <span class='ocrx_word' id='word_1_173' title='bbox 1246 3492 1455 3569; x_wconf 71' lang='lat' dir='ltr'>amalsuin-</span> 
     </span>
     <span class='ocr_line' id='line_1_26' title="bbox 182 3590 1456 3695; baseline 0.003 -28"><span class='ocrx_word' id='word_1_174' title='bbox 182 3594 303 3680; x_wconf 86' lang='lat' dir='ltr'>dam,</span> <span class='ocrx_word' id='word_1_175' title='bbox 326 3620 411 3693; x_wconf 80' lang='lat' dir='ltr'>quae</span> <span class='ocrx_word' id='word_1_176' title='bbox 432 3594 576 3671; x_wconf 82' lang='lat' dir='ltr'>{ibimet</span> <span class='ocrx_word' id='word_1_177' title='bbox 602 3593 685 3693; x_wconf 84' lang='lat' dir='ltr'>ipsrs</span> <span class='ocrx_word' id='word_1_178' title='bbox 695 3590 739 3691; x_wconf 88' lang='lat' dir='ltr'>jjj</span> <span class='ocrx_word' id='word_1_179' title='bbox 767 3592 895 3669; x_wconf 86' lang='lat' dir='ltr'>diesin</span> <span class='ocrx_word' id='word_1_180' title='bbox 917 3593 1074 3669; x_wconf 87' lang='lat' dir='ltr'>ebdoma</span> <span class='ocrx_word' id='word_1_181' title='bbox 1096 3594 1299 3695; x_wconf 82' lang='lat' dir='ltr'>proficiant,</span> <span class='ocrx_word' id='word_1_182' title='bbox 1310 3592 1351 3691; x_wconf 85' lang='lat' dir='ltr'>jjj</span> <span class='ocrx_word' id='word_1_183' title='bbox 1378 3595 1456 3671; x_wconf 83' lang='lat' dir='ltr'>dies</span> 
     </span>
     <span class='ocr_line' id='line_1_27' title="bbox 181 3692 1454 3801; baseline 0.003 -32"><span class='ocrx_word' id='word_1_184' title='bbox 181 3692 310 3770; x_wconf 69' lang='lat' dir='ltr'>santio</span> <span class='ocrx_word' id='word_1_185' title='bbox 324 3696 486 3771; x_wconf 87' lang='lat' dir='ltr'>Nazario</span> <span class='ocrx_word' id='word_1_186' title='bbox 501 3696 683 3785; x_wconf 88' lang='lat' dir='ltr'>serviant,</span> <span class='ocrx_word' id='word_1_187' title='bbox 713 3692 809 3771; x_wconf 83' lang='lat' dir='ltr'>adio</span> <span class='ocrx_word' id='word_1_188' title='bbox 828 3692 1024 3792; x_wconf 79' lang='lat' dir='ltr'>praesenti,</span> <span class='ocrx_word' id='word_1_189' title='bbox 1048 3694 1278 3801; x_wconf 87' lang='lat' dir='ltr'>stipulatione</span> <span class='ocrx_word' id='word_1_190' title='bbox 1291 3696 1454 3773; x_wconf 80' lang='lat' dir='ltr'>subnixa.</span> 
     </span>
     <span class='ocr_line' id='line_1_28' title="bbox 180 3793 1453 3899; baseline 0.003 -27"><span class='ocrx_word' id='word_1_191' title='bbox 180 3793 321 3872; x_wconf 68' lang='lat' dir='ltr'>Altum</span> <span class='ocrx_word' id='word_1_192' title='bbox 347 3797 388 3870; x_wconf 91' lang='lat' dir='ltr'>in</span> <span class='ocrx_word' id='word_1_193' title='bbox 410 3795 630 3880; x_wconf 83' lang='lat' dir='ltr'>monasterio</span> <span class='ocrx_word' id='word_1_194' title='bbox 653 3797 869 3875; x_wconf 65' lang='lat' dir='ltr'>lauresham</span> <span class='ocrx_word' id='word_1_195' title='bbox 892 3797 1070 3876; x_wconf 85' lang='lat' dir='ltr'>kalendas</span> <span class='ocrx_word' id='word_1_196' title='bbox 1095 3796 1321 3879; x_wconf 77' lang='lat' dir='ltr'>Decembris.</span> <span class='ocrx_word' id='word_1_197' title='bbox 1372 3796 1453 3899; x_wconf 75' lang='lat' dir='ltr'>Sig-</span> 
     </span>
    </p>
   </div>
   <div class='ocr_carea' id='block_1_10' title="bbox 175 3896 1395 4127">
    <p class='ocr_par' dir='ltr' id='par_1_13' title="bbox 175 3896 1395 4127">
     <span class='ocr_line' id='line_1_29' title="bbox 175 3896 1302 3999; baseline -0.003 -22"><span class='ocrx_word' id='word_1_198' title='bbox 175 3918 275 3977; x_wconf 86' lang='lat' dir='ltr'>num</span> <span class='ocrx_word' id='word_1_199' title='bbox 289 3896 453 3991; x_wconf 86' lang='lat' dir='ltr'>Luitolfi,</span> <span class='ocrx_word' id='word_1_200' title='bbox 474 3898 881 3994; x_wconf 62' lang='lat' dir='ltr'>Ethraui-utuntur.</span> <span class='ocrx_word' id='word_1_201' title='bbox 934 3898 1144 3985; x_wconf 75' lang='lat' dir='ltr'>Grimariua</span> <span class='ocrx_word' id='word_1_202' title='bbox 1158 3898 1302 3999; x_wconf 72' lang='lat' dir='ltr'>scripta</span> 
     </span>
     <span class='ocr_line' id='line_1_30' title="bbox 800 4034 1395 4127; baseline 0.012 -8"><span class='ocrx_word' id='word_1_203' title='bbox 800 4034 834 4114; x_wconf 86' lang='lat' dir='ltr'>C</span> <span class='ocrx_word' id='word_1_204' title='bbox 856 4059 880 4119; x_wconf 86' lang='lat'>2</span> <span class='ocrx_word' id='word_1_205' title='bbox 1130 4036 1395 4127; x_wconf 77' lang='lat' dir='ltr'><strong>DCCCUle.</strong></span> 
     </span>
    </p>
   </div>
   <div class='ocr_carea' id='block_1_11' title="bbox 0 0 1990 5359">
    <p class='ocr_par' dir='ltr' id='par_1_14' title="bbox 0 0 1990 5359">
     <span class='ocr_line' id='line_1_31' title="bbox 0 0 1990 5359; baseline 0 0"><span class='ocrx_word' id='word_1_206' title='bbox 0 0 1990 5359; x_wconf 95' lang='lat' dir='ltr'> </span> 
     </span>
    </p>
   </div>
  </div>
 </body>
</html>
