3959 5359
574 468 632 525 rrt
659 466 783 523 noo
807 444 1055 529 Woumnr.

691 739 956 840 DCCCCIX.

493 842 496 847 Ι
628 874 804 970 Duratio
825 872 1006 967 Bcbonis.
1067 960 1074 976 ,

177 1054 282 1183 Ego
301 1046 341 1121 in
365 1045 439 1125 Dei
458 1043 607 1121 nomine
628 1044 730 1121 Bebo
753 1044 849 1120 dono
870 1044 918 1119 ad
947 1040 1113 1119 santium
1135 1050 1342 1137 mortyrern
1374 1037 1449 1117 Dei

259 1148 470 1225 Nazarium
495 1146 564 1224 dcc.
589 1166 665 1221 rem
688 1168 810 1221 meam
828 1144 869 1221 in
889 1167 988 1244 pago
1013 1144 1159 1225 Worm.
1184 1142 1223 1217 in
1246 1140 1449 1236 Aeantem

132 1286 135 1294 ⁴
170 1270 337 1338 marca,
367 1272 480 1327 unam
504 1248 670 1333 vineam,
704 1246 742 1323 ἀ
762 1246 962 1323 dimidium
983 1242 1122 1339 jornal.
1148 1242 1195 1318 de
1221 1258 1363 1331 terrun
1387 1242 1446 1323 dit

176 1351 485 1451 praesentedono,
510 1348 613 1425 trado
635 1360 745 1447 atque
770 1346 993 1425 transfundo
1008 1346 1047 1421 in
1072 1344 1143 1421 Dei
1155 1345 1302 1421 nomine
1315 1366 1447 1445 perpe

176 1452 332 1529 tualiter
344 1451 391 1525 ad
406 1448 650 1549 poffidendum
656 1448 727 1526 &n
780 1449 922 1526 Atium
936 1448 976 1523 in
989 1446 1205 1523 monasterio
1217 1446 1445 1535 [aarum

170 1553 486 1653 perscriptumque
502 1550 553 1627 est
566 1550 630 1627 sub
643 1550 704 1641 die
729 1542 813 1628 idus
826 1552 939 1627 Mart.
951 1572 1055 1627 anno
1067 1548 1172 1643 xlm
1184 1549 1289 1646 regni
1303 1548 1445 1627 domini
1473 1588 1526 1663 1!-
1538 1568 1632 1645 m
1707 1621 1723 1647 ,

166 1654 282 1729 nostri
308 1654 435 1729 Karoli
460 1653 604 1749 gloriosr
625 1654 733 1750 regis.
786 1652 947 1750 Signum
971 1650 1160 1740 Bebonis,
1185 1650 1362 1749 quihnnc
1376 1651 1443 1727 do-

167 1756 363 1832 nationem
396 1755 514 1843 fecit‚
546 1754 692 1853 signum
717 1754 952 1843 Heinhardi,
979 1752 1122 1850 signum
1148 1752 1352 1844 Hattonis,
1377 1750 1447 1849 iig-

166 1880 265 1933 num
291 1855 539 1952 wolfgangi,
574 1857 718 1953 signum
751 1856 932 1949 Gizonis,
958 1852 1103 1953 signum
1126 1854 1310 1955 Baugolti,
1362 1854 1447 1953 Ego

23 2050 24 2059 Ν
121 1996 127 2003 ·
166 1957 363 2037 Rudolfus
377 1956 576 2055 recognovi
601 1956 734 2061 scripsi.
1232 1988 1236 1993 ·

695 2161 943 2255 DCCCCX.

552 2312 565 2334 ’·
606 2283 785 2373 Βοπαιὶο
810 2288 1031 2395 Odoisridi.

198 2475 225 2527 n
243 2444 384 2523 Christi
396 2444 548 2523 nornine
570 2444 663 2522 ΧΗΙ
681 2446 860 2523 kalendas
873 2449 998 2524 Martii
1024 2471 1124 2533 anno
1139 2447 1361 2547 tertioregni
1385 2448 1451 2527 do·
1482 2470 1534 2543 ¹7·
1547 2450 1634 2523 retr.

223 2548 325 2625 mini
338 2546 447 2623 nostri
473 2546 598 2625 Karoli
613 2548 739 2644 regis,
765 2572 835 2645 ego
870 2548 1080 2625 Odoifridus
1095 2550 1192 2625 dono
1216 2550 1265 2627 ad
1285 2550 1447 2632 sendum

166 2651 380 2731 Nazarium
411 2664 616 2747 martyrem
631 2648 703 2726 dcc.
731 2651 777 2726 de
793 2664 892 2727 terra
916 2651 1078 2729 oraturia
1095 2648 1232 2749 jornal.
1242 2648 1259 2747 j
1284 2652 1324 2731 dt
1337 2654 1445 2731 dimi·

167 2754 281 2829 dium
305 2753 462 2852 inpage
486 2752 684 2833 wormio
708 2752 893 2827 Aratheim
925 2776 1078 2843 marca,
1103 2754 1205 2851 quod
1224 2752 1319 2830 mihi
1344 2756 1446 2834 dedit

168 2854 308 2943 willa,
335 2876 398 2954 per
420 2876 553 2933 manus
577 2852 818 2955 potestativas
841 2876 908 2955 pro
930 2855 1095 2935 remedio
1115 2854 1253 2933 animae
1266 2854 1370 2953 ejus,
1394 2858 1445 2935 fic

167 2958 282 3031 trodo
298 2968 406 3051 atque
419 2958 655 3045 transfundo,
681 2972 726 3033 ut
743 2957 791 3033 ab
806 2956 877 3035 hnc
892 2956 950 3035 die
965 2957 1133 3059 praesenti
1153 2958 1256 3033 omni
1280 2972 1445 3059 tempore

172 3052 349 3154 proficiat
372 3056 409 3127 in
430 3058 720 3153 augmentisuc.
774 3056 910 3135 Attum
935 3060 975 3137 in
989 3058 1208 3135 monasterio
1232 3060 1446 3135 aarum

173 3152 329 3332 fflioe
344 3152 407 3227 iub
421 3154 477 3228 die
492 3157 530 3233 dt
545 3173 798 3259 temporeque
814 3159 853 3235 su
878 3182 933 3239 ra0
983 3161 1155 3257 Signurn·
1169 3158 1368 3248 Odolfridi,
1383 3158 1448 3257 qut

261 3246 492 3369 cepistoiarn
524 3258 726 3365 donationis
748 3260 827 3337 fieri
911 3261 1280 3359 affirmarerogavit,
1304 3260 1448 3358 signum

175 3354 396 3453 Benedlddae
409 3349 499 3429 fiilae
512 3374 601 3449 ejus,
648 3362 732 3455 Ego
745 3360 897 3437 Samuel
909 3360 1039 3461 scripit.

630 3614 635 3623 ·
692 3552 961 3645 DCCCCXL

637 3699 822 3792 Donatio
850 3702 1035 3817 Teugeri.

181 3872 290 4009 Ego
303 3864 343 3943 in
368 3864 440 3940 Dei
454 3866 602 3943 nomine
627 3866 831 3989 iJeutgerus
842 3890 909 3971 pro
922 3869 1086 3949 remedio
1101 3868 1237 3950 anime
1250 3892 1346 3950 meae
1361 3870 1454 3952 dono

265 3968 314 4045 ad
336 3965 500 4045 santium
524 3970 727 4089 Neronum
758 3986 965 4070 martyrem·
982 3972 1052 4055 &e
1077 3974 1153 4054 hoc
1166 3973 1243 4088 est,
1269 3976 1366 4075 quod
1385 3998 1451 4075 ego
1524 4070 1528 4073 ‚

816 4074 901 4187 Est
1331 4076 1403 4180 ipse
1451 4080 1460 4091 ’
