<?xml version="1.0" encoding="UTF-8"?>
<!DOCTYPE html PUBLIC "-//W3C//DTD XHTML 1.0 Transitional//EN"
    "http://www.w3.org/TR/xhtml1/DTD/xhtml1-transitional.dtd">
<html xmlns="http://www.w3.org/1999/xhtml" xml:lang="en" lang="en">
 <head>
  <title>
</title>
<meta http-equiv="Content-Type" content="text/html;charset=utf-8" />
  <meta name='ocr-system' content='tesseract 3.04.00' />
  <meta name='ocr-capabilities' content='ocr_page ocr_carea ocr_par ocr_line ocrx_word'/>
</head>
<body>
  <div class='ocr_page' id='page_1' title='image "./codexprincipiso00theogoog_0522.png"; bbox 0 0 3959 5359; ppageno 0'>
   <div class='ocr_carea' id='block_1_1' title="bbox 526 428 1813 844">
    <p class='ocr_par' dir='ltr' id='par_1_1' title="bbox 526 428 1813 844">
     <span class='ocr_line' id='line_1_1' title="bbox 528 428 1324 534; baseline 0.008 -36"><span class='ocrx_word' id='word_1_1' title='bbox 528 457 604 534; x_wconf 80' lang='lat'>440</span> <span class='ocrx_word' id='word_1_2' title='bbox 966 428 1324 505; x_wconf 64' lang='lat' dir='ltr'>mammas</span> 
     </span>
     <span class='ocr_line' id='line_1_2' title="bbox 527 593 1812 634; baseline 0.014 -17"><span class='ocrx_word' id='word_1_3' title='bbox 527 593 1812 634; x_wconf 86' lang='grc'>......----------------.......</span> 
     </span>
     <span class='ocr_line' id='line_1_3' title="bbox 526 713 1813 844; baseline 0.01 -35"><span class='ocrx_word' id='word_1_4' title='bbox 526 747 608 809; x_wconf 90' lang='lat' dir='ltr'>tum</span> <span class='ocrx_word' id='word_1_5' title='bbox 633 731 836 809; x_wconf 86' lang='lat' dir='ltr'><strong>Nazarium</strong></span> <span class='ocrx_word' id='word_1_6' title='bbox 850 730 921 809; x_wconf 74' lang='grc' dir='ltr'>διε.</span> <span class='ocrx_word' id='word_1_7' title='bbox 949 732 989 809; x_wconf 90' lang='lat' dir='ltr'>in</span> <span class='ocrx_word' id='word_1_8' title='bbox 1002 755 1097 832; x_wconf 86' lang='lat' dir='ltr'>pago</span> <span class='ocrx_word' id='word_1_9' title='bbox 1124 731 1368 830; x_wconf 83' lang='lat' dir='ltr'>Creichgowe</span> <span class='ocrx_word' id='word_1_10' title='bbox 1388 735 1427 809; x_wconf 86' lang='lat' dir='ltr'>in</span> <span class='ocrx_word' id='word_1_11' title='bbox 1440 713 1535 815; x_wconf 73' lang='lat' dir='ltr'>¹villa</span> <span class='ocrx_word' id='word_1_12' title='bbox 1560 739 1787 821; x_wconf 69' lang='lat' dir='ltr'><em>Radimtuim</em></span> <span class='ocrx_word' id='word_1_13' title='bbox 1797 749 1813 844; x_wconf 89' lang='lat' dir='ltr'><strong>j</strong></span> 
     </span>
    </p>
   </div>
   <div class='ocr_carea' id='block_1_2' title="bbox 526 830 1811 1042">
    <p class='ocr_par' dir='ltr' id='par_1_2' title="bbox 526 830 1811 1042">
     <span class='ocr_line' id='line_1_4' title="bbox 526 830 1811 956; baseline 0.012 -46"><span class='ocrx_word' id='word_1_14' title='bbox 526 857 701 934; x_wconf 87' lang='lat' dir='ltr'><strong>campum</strong></span> <span class='ocrx_word' id='word_1_15' title='bbox 716 834 754 911; x_wconf 86' lang='lat'>&amp;</span> <span class='ocrx_word' id='word_1_16' title='bbox 764 830 778 929; x_wconf 89' lang='lat' dir='ltr'>j</span> <span class='ocrx_word' id='word_1_17' title='bbox 806 833 989 950; x_wconf 50' lang='lat' dir='ltr'>hpstunna</span> <span class='ocrx_word' id='word_1_18' title='bbox 1005 837 1265 935; x_wconf 84' lang='lat' dir='ltr'>perpetualiter</span> <span class='ocrx_word' id='word_1_19' title='bbox 1279 837 1328 910; x_wconf 86' lang='lat' dir='ltr'>ad</span> <span class='ocrx_word' id='word_1_20' title='bbox 1342 835 1594 956; x_wconf 62' lang='lat' dir='ltr'>poffifiendum</span> <span class='ocrx_word' id='word_1_21' title='bbox 1607 844 1682 923; x_wconf 88' lang='lat' dir='ltr'>&amp;c.</span> <span class='ocrx_word' id='word_1_22' title='bbox 1723 849 1811 948; x_wconf 82' lang='lat' dir='ltr'>Ego</span> 
     </span>
     <span class='ocr_line' id='line_1_5' title="bbox 526 936 1504 1042; baseline 0.005 -28"><span class='ocrx_word' id='word_1_23' title='bbox 526 936 710 1014; x_wconf 82' lang='lat' dir='ltr'><strong>Rudolfus</strong></span> <span class='ocrx_word' id='word_1_24' title='bbox 724 936 903 1035; x_wconf 70' lang='lat' dir='ltr'><strong>presblter</strong></span> <span class='ocrx_word' id='word_1_25' title='bbox 920 936 958 1014; x_wconf 85' lang='lat'>&amp;</span> <span class='ocrx_word' id='word_1_26' title='bbox 981 937 1188 1013; x_wconf 80' lang='lat' dir='ltr'><strong>monachus</strong></span> <span class='ocrx_word' id='word_1_27' title='bbox 1199 952 1351 1034; x_wconf 85' lang='lat' dir='ltr'>rogatus</span> <span class='ocrx_word' id='word_1_28' title='bbox 1372 937 1504 1042; x_wconf 83' lang='lat' dir='ltr'>scnpfi.</span> 
     </span>
    </p>
   </div>
   <div class='ocr_carea' id='block_1_3' title="bbox 746 1139 1582 1385">
    <p class='ocr_par' dir='ltr' id='par_1_3' title="bbox 746 1139 1582 1385">
     <span class='ocr_line' id='line_1_6' title="bbox 1003 1139 1331 1232; baseline -0.012 -1"><span class='ocrx_word' id='word_1_29' title='bbox 1003 1139 1331 1232; x_wconf 87' lang='lat' dir='ltr'><strong>MMCCCXIH.</strong></span> 
     </span>
     <span class='ocr_line' id='line_1_7' title="bbox 746 1263 1582 1385; baseline 0.001 -22"><span class='ocrx_word' id='word_1_30' title='bbox 746 1269 927 1363; x_wconf 81' lang='lat' dir='ltr'><em>Donatio</em></span> <span class='ocrx_word' id='word_1_31' title='bbox 954 1263 1217 1385; x_wconf 79' lang='lat' dir='ltr'><em>Engilw&#39;ardi</em></span> <span class='ocrx_word' id='word_1_32' title='bbox 1245 1269 1286 1357; x_wconf 84' lang='lat' dir='ltr'>in</span> <span class='ocrx_word' id='word_1_33' title='bbox 1315 1271 1582 1365; x_wconf 74' lang='lat' dir='ltr'>Ratinclzeim.</span> 
     </span>
    </p>
   </div>
   <div class='ocr_carea' id='block_1_4' title="bbox 380 1438 1810 1948">
    <p class='ocr_par' dir='ltr' id='par_1_4' title="bbox 394 1438 1810 1844">
     <span class='ocr_line' id='line_1_8' title="bbox 394 1438 1810 1580; baseline 0.008 -65"><span class='ocrx_word' id='word_1_34' title='bbox 394 1491 405 1501; x_wconf 95' lang='lat'><em>-</em></span> <span class='ocrx_word' id='word_1_35' title='bbox 531 1451 630 1580; x_wconf 78' lang='lat' dir='ltr'>Ego</span> <span class='ocrx_word' id='word_1_36' title='bbox 647 1439 685 1515; x_wconf 86' lang='lat' dir='ltr'>in</span> <span class='ocrx_word' id='word_1_37' title='bbox 710 1438 779 1516; x_wconf 85' lang='lat' dir='ltr'>Dei</span> <span class='ocrx_word' id='word_1_38' title='bbox 795 1440 942 1514; x_wconf 88' lang='lat' dir='ltr'>nomine</span> <span class='ocrx_word' id='word_1_39' title='bbox 967 1439 1178 1533; x_wconf 84' lang='lat' dir='ltr'>Engilwart</span> <span class='ocrx_word' id='word_1_40' title='bbox 1192 1460 1258 1537; x_wconf 88' lang='lat' dir='ltr'>pro</span> <span class='ocrx_word' id='word_1_41' title='bbox 1272 1440 1434 1515; x_wconf 86' lang='lat' dir='ltr'>remedio</span> <span class='ocrx_word' id='word_1_42' title='bbox 1449 1442 1587 1520; x_wconf 85' lang='lat' dir='ltr'><strong>animae</strong></span> <span class='ocrx_word' id='word_1_43' title='bbox 1606 1467 1701 1526; x_wconf 84' lang='lat' dir='ltr'>meae</span> <span class='ocrx_word' id='word_1_44' title='bbox 1713 1449 1810 1528; x_wconf 87' lang='lat' dir='ltr'><strong>dono</strong></span> 
     </span>
     <span class='ocr_line' id='line_1_9' title="bbox 611 1540 1810 1650; baseline 0.01 -34"><span class='ocrx_word' id='word_1_45' title='bbox 611 1542 659 1616; x_wconf 88' lang='lat' dir='ltr'>ad</span> <span class='ocrx_word' id='word_1_46' title='bbox 675 1540 834 1616; x_wconf 60' lang='lat' dir='ltr'><strong>smum</strong></span> <span class='ocrx_word' id='word_1_47' title='bbox 862 1540 1068 1616; x_wconf 85' lang='lat' dir='ltr'><strong>Nazarium</strong></span> <span class='ocrx_word' id='word_1_48' title='bbox 1081 1540 1152 1617; x_wconf 75' lang='grc' dir='ltr'>διο.</span> <span class='ocrx_word' id='word_1_49' title='bbox 1170 1541 1352 1638; x_wconf 85' lang='lat' dir='ltr'>quidquid</span> <span class='ocrx_word' id='word_1_50' title='bbox 1368 1542 1503 1620; x_wconf 84' lang='lat' dir='ltr'>habere</span> <span class='ocrx_word' id='word_1_51' title='bbox 1519 1546 1644 1622; x_wconf 82' lang='lat' dir='ltr'>videor</span> <span class='ocrx_word' id='word_1_52' title='bbox 1658 1551 1696 1624; x_wconf 88' lang='lat' dir='ltr'>in</span> <span class='ocrx_word' id='word_1_53' title='bbox 1711 1577 1810 1650; x_wconf 82' lang='lat' dir='ltr'>pago</span> 
     </span>
     <span class='ocr_line' id='line_1_10' title="bbox 531 1641 1809 1748; baseline 0.006 -26"><span class='ocrx_word' id='word_1_54' title='bbox 531 1643 773 1739; x_wconf 84' lang='lat' dir='ltr'>Creichgowe</span> <span class='ocrx_word' id='word_1_55' title='bbox 787 1644 824 1716; x_wconf 91' lang='lat' dir='ltr'>in</span> <span class='ocrx_word' id='word_1_56' title='bbox 839 1642 930 1718; x_wconf 83' lang='lat' dir='ltr'><strong>villa</strong></span> <span class='ocrx_word' id='word_1_57' title='bbox 945 1641 1160 1719; x_wconf 81' lang='lat' dir='ltr'><em>Ratincheim</em></span> <span class='ocrx_word' id='word_1_58' title='bbox 1173 1644 1212 1717; x_wconf 90' lang='lat' dir='ltr'>in</span> <span class='ocrx_word' id='word_1_59' title='bbox 1227 1644 1369 1742; x_wconf 83' lang='lat' dir='ltr'><strong>campis</strong></span> <span class='ocrx_word' id='word_1_60' title='bbox 1383 1644 1421 1720; x_wconf 86' lang='lat'>&amp;</span> <span class='ocrx_word' id='word_1_61' title='bbox 1435 1645 1551 1733; x_wconf 74' lang='lat' dir='ltr'>filvis,</span> <span class='ocrx_word' id='word_1_62' title='bbox 1577 1648 1809 1748; x_wconf 83' lang='lat' dir='ltr'>stipulatione</span> 
     </span>
     <span class='ocr_line' id='line_1_11' title="bbox 532 1743 1808 1844; baseline 0.008 -24"><span class='ocrx_word' id='word_1_63' title='bbox 532 1746 697 1842; x_wconf 67' lang='lat' dir='ltr'>subnixa.</span> <span class='ocrx_word' id='word_1_64' title='bbox 751 1744 887 1820; x_wconf 73' lang='lat' dir='ltr'>Aftum</span> <span class='ocrx_word' id='word_1_65' title='bbox 904 1744 941 1818; x_wconf 88' lang='lat' dir='ltr'>in</span> <span class='ocrx_word' id='word_1_66' title='bbox 961 1743 1180 1820; x_wconf 86' lang='lat' dir='ltr'>monasterio</span> <span class='ocrx_word' id='word_1_67' title='bbox 1205 1745 1445 1844; x_wconf 82' lang='lat' dir='ltr'>Laurisham,</span> <span class='ocrx_word' id='word_1_68' title='bbox 1470 1747 1534 1824; x_wconf 90' lang='lat' dir='ltr'>sub</span> <span class='ocrx_word' id='word_1_69' title='bbox 1554 1749 1613 1827; x_wconf 90' lang='lat' dir='ltr'>die</span> <span class='ocrx_word' id='word_1_70' title='bbox 1626 1752 1808 1831; x_wconf 83' lang='lat' dir='ltr'>kalendas</span> 
     </span>
    </p>

    <p class='ocr_par' dir='ltr' id='par_1_5' title="bbox 380 1845 1526 1948">
     <span class='ocr_line' id='line_1_12' title="bbox 380 1845 1526 1948; baseline 0.001 -26"><span class='ocrx_word' id='word_1_71' title='bbox 380 1875 410 1922; x_wconf 85' lang='lat'>1.</span> <span class='ocrx_word' id='word_1_72' title='bbox 425 1855 501 1940; x_wconf 81' lang='lat' dir='ltr'><strong>Apr.</strong></span> <span class='ocrx_word' id='word_1_73' title='bbox 534 1845 693 1948; x_wconf 85' lang='lat' dir='ltr'>Aprilis,</span> <span class='ocrx_word' id='word_1_74' title='bbox 721 1870 818 1922; x_wconf 86' lang='lat' dir='ltr'><strong>anno</strong></span> <span class='ocrx_word' id='word_1_75' title='bbox 830 1845 900 1922; x_wconf 87' lang='lat' dir='ltr'>XII</span> <span class='ocrx_word' id='word_1_76' title='bbox 912 1845 1108 1923; x_wconf 86' lang='lat' dir='ltr'><strong>Ludowici</strong></span> <span class='ocrx_word' id='word_1_77' title='bbox 1121 1846 1367 1947; x_wconf 88' lang='lat' dir='ltr'><strong>imperatoris.</strong></span> <span class='ocrx_word' id='word_1_78' title='bbox 1523 1906 1526 1912; x_wconf 86' lang='lat'>.</span> 
     </span>
    </p>
   </div>
   <div class='ocr_carea' id='block_1_5' title="bbox 368 2047 1965 2484">
    <p class='ocr_par' dir='ltr' id='par_1_6' title="bbox 368 2047 1965 2484">
     <span class='ocr_line' id='line_1_13' title="bbox 1014 2047 1342 2144; baseline 0.003 -7"><span class='ocrx_word' id='word_1_79' title='bbox 1014 2047 1342 2144; x_wconf 84' lang='lat' dir='ltr'><strong>MMCCCXIV.</strong></span> 
     </span>
     <span class='ocr_line' id='line_1_14' title="bbox 782 2171 1761 2275; baseline 0.011 -11"><span class='ocrx_word' id='word_1_80' title='bbox 782 2171 960 2264; x_wconf 81' lang='lat' dir='ltr'><em>Donatio</em></span> <span class='ocrx_word' id='word_1_81' title='bbox 980 2177 1200 2267; x_wconf 81' lang='lat' dir='ltr'><em>Humberti</em></span> <span class='ocrx_word' id='word_1_82' title='bbox 1227 2180 1269 2270; x_wconf 76' lang='lat' dir='ltr'>in</span> <span class='ocrx_word' id='word_1_83' title='bbox 1297 2181 1425 2269; x_wconf 79' lang='lat' dir='ltr'><em>eadem</em></span> <span class='ocrx_word' id='word_1_84' title='bbox 1451 2181 1525 2270; x_wconf 79' lang='lat' dir='ltr'><em>vill</em></span> <span class='ocrx_word' id='word_1_85' title='bbox 1548 2249 1558 2271; x_wconf 91' lang='lat'><strong>.</strong></span> <span class='ocrx_word' id='word_1_86' title='bbox 1632 2211 1642 2220; x_wconf 88' lang='lat'>·</span> <span class='ocrx_word' id='word_1_87' title='bbox 1682 2251 1684 2254; x_wconf 20' lang='grc' dir='ltr'><strong><em>ι</em></strong></span> <span class='ocrx_word' id='word_1_88' title='bbox 1758 2271 1761 2275; x_wconf 83' lang='grc'><strong>,</strong></span> 
     </span>
     <span class='ocr_line' id='line_1_15' title="bbox 368 2335 1965 2484; baseline 0.007 -67"><span class='ocrx_word' id='word_1_89' title='bbox 368 2349 420 2417; x_wconf 84' lang='lat'>18.</span> <span class='ocrx_word' id='word_1_90' title='bbox 431 2335 504 2478; x_wconf 48' lang='grc' dir='ltr'>Μή·</span> <span class='ocrx_word' id='word_1_91' title='bbox 535 2353 586 2484; x_wconf 79' lang='lat' dir='ltr'>In</span> <span class='ocrx_word' id='word_1_92' title='bbox 602 2340 736 2419; x_wconf 87' lang='lat' dir='ltr'>Christi</span> <span class='ocrx_word' id='word_1_93' title='bbox 749 2343 913 2430; x_wconf 89' lang='lat' dir='ltr'>nomine,</span> <span class='ocrx_word' id='word_1_94' title='bbox 939 2343 1004 2420; x_wconf 88' lang='lat' dir='ltr'>sub</span> <span class='ocrx_word' id='word_1_95' title='bbox 1018 2345 1077 2420; x_wconf 84' lang='lat' dir='ltr'>die</span> <span class='ocrx_word' id='word_1_96' title='bbox 1088 2347 1159 2424; x_wconf 88' lang='lat' dir='ltr'>XV</span> <span class='ocrx_word' id='word_1_97' title='bbox 1178 2347 1357 2424; x_wconf 81' lang='lat' dir='ltr'><strong>kalendas</strong></span> <span class='ocrx_word' id='word_1_98' title='bbox 1379 2351 1505 2450; x_wconf 81' lang='lat' dir='ltr'>Junii‚</span> <span class='ocrx_word' id='word_1_99' title='bbox 1531 2375 1627 2428; x_wconf 83' lang='lat' dir='ltr'>anno</span> <span class='ocrx_word' id='word_1_100' title='bbox 1638 2349 1707 2428; x_wconf 85' lang='lat' dir='ltr'>XV</span> <span class='ocrx_word' id='word_1_101' title='bbox 1731 2349 1809 2427; x_wconf 83' lang='lat' dir='ltr'>Ka·</span> <span class='ocrx_word' id='word_1_102' title='bbox 1964 2378 1965 2381; x_wconf 68' lang='grc'>’</span> 
     </span>
    </p>
   </div>
   <div class='ocr_carea' id='block_1_6' title="bbox 533 2445 1811 2651">
    <p class='ocr_par' dir='ltr' id='par_1_7' title="bbox 533 2445 1811 2651">
     <span class='ocr_line' id='line_1_16' title="bbox 586 2445 1809 2546; baseline 0.007 -26"><span class='ocrx_word' id='word_1_103' title='bbox 586 2445 653 2520; x_wconf 88' lang='lat' dir='ltr'>roli</span> <span class='ocrx_word' id='word_1_104' title='bbox 670 2445 918 2543; x_wconf 84' lang='lat' dir='ltr'><strong>imperatoris,</strong></span> <span class='ocrx_word' id='word_1_105' title='bbox 945 2467 1015 2540; x_wconf 84' lang='lat' dir='ltr'>ego</span> <span class='ocrx_word' id='word_1_106' title='bbox 1041 2447 1273 2525; x_wconf 85' lang='lat' dir='ltr'>Humbertus</span> <span class='ocrx_word' id='word_1_107' title='bbox 1288 2473 1352 2546; x_wconf 87' lang='lat' dir='ltr'>pro</span> <span class='ocrx_word' id='word_1_108' title='bbox 1374 2455 1539 2528; x_wconf 85' lang='lat' dir='ltr'>remedio</span> <span class='ocrx_word' id='word_1_109' title='bbox 1559 2454 1692 2529; x_wconf 78' lang='lat' dir='ltr'><strong>animae</strong></span> <span class='ocrx_word' id='word_1_110' title='bbox 1716 2475 1809 2529; x_wconf 86' lang='lat' dir='ltr'>meae</span> 
     </span>
     <span class='ocr_line' id='line_1_17' title="bbox 533 2546 1811 2651; baseline 0.005 -28"><span class='ocrx_word' id='word_1_111' title='bbox 533 2548 630 2623; x_wconf 90' lang='lat' dir='ltr'>dono</span> <span class='ocrx_word' id='word_1_112' title='bbox 649 2547 697 2622; x_wconf 86' lang='lat' dir='ltr'>ad</span> <span class='ocrx_word' id='word_1_113' title='bbox 720 2547 880 2623; x_wconf 71' lang='lat' dir='ltr'>sanetum</span> <span class='ocrx_word' id='word_1_114' title='bbox 915 2546 1121 2624; x_wconf 84' lang='lat' dir='ltr'><strong>Nazarium</strong></span> <span class='ocrx_word' id='word_1_115' title='bbox 1136 2549 1206 2626; x_wconf 61' lang='lat' dir='ltr'>&amp;a</span> <span class='ocrx_word' id='word_1_116' title='bbox 1234 2551 1273 2623; x_wconf 89' lang='lat' dir='ltr'>in</span> <span class='ocrx_word' id='word_1_117' title='bbox 1292 2549 1496 2646; x_wconf 73' lang='lat' dir='ltr'>supradista</span> <span class='ocrx_word' id='word_1_118' title='bbox 1518 2557 1609 2633; x_wconf 82' lang='lat' dir='ltr'>villa</span> <span class='ocrx_word' id='word_1_119' title='bbox 1628 2551 1669 2651; x_wconf 86' lang='lat' dir='ltr'>jjj</span> <span class='ocrx_word' id='word_1_120' title='bbox 1682 2551 1811 2651; x_wconf 86' lang='lat' dir='ltr'><strong>jurna-</strong></span> 
     </span>
    </p>
   </div>
   <div class='ocr_carea' id='block_1_7' title="bbox 534 2647 1403 2994">
    <p class='ocr_par' dir='ltr' id='par_1_8' title="bbox 534 2647 1403 2994">
     <span class='ocr_line' id='line_1_18' title="bbox 534 2647 1324 2852; baseline -0.006 -19"><span class='ocrx_word' id='word_1_121' title='bbox 534 2647 678 2726; x_wconf 50' lang='grc' dir='ltr'>Μ’</span> <span class='ocrx_word' id='word_1_122' title='bbox 1025 2742 1324 2852; x_wconf 79' lang='lat' dir='ltr'>MMcccxv.</span> 
     </span>
     <span class='ocr_line' id='line_1_19' title="bbox 872 2870 1403 2994; baseline -0.015 -26"><span class='ocrx_word' id='word_1_123' title='bbox 872 2903 879 2920; x_wconf 85' lang='lat'><strong><em>‘</em></strong></span> <span class='ocrx_word' id='word_1_124' title='bbox 932 2875 1109 2968; x_wconf 78' lang='lat' dir='ltr'><em>Donatio</em></span> <span class='ocrx_word' id='word_1_125' title='bbox 1136 2870 1403 2994; x_wconf 63' lang='lat' dir='ltr'><em>ffuncmanni.</em></span> 
     </span>
    </p>
   </div>
   <div class='ocr_carea' id='block_1_8' title="bbox 369 3039 1813 3452">
    <p class='ocr_par' dir='ltr' id='par_1_9' title="bbox 532 3039 1810 3186">
     <span class='ocr_line' id='line_1_20' title="bbox 532 3039 1810 3186; baseline 0.003 -66"><span class='ocrx_word' id='word_1_126' title='bbox 532 3055 633 3186; x_wconf 82' lang='lat' dir='ltr'>Ego</span> <span class='ocrx_word' id='word_1_127' title='bbox 646 3046 683 3122; x_wconf 86' lang='lat' dir='ltr'>in</span> <span class='ocrx_word' id='word_1_128' title='bbox 709 3045 777 3122; x_wconf 79' lang='lat' dir='ltr'>Dei</span> <span class='ocrx_word' id='word_1_129' title='bbox 804 3046 952 3122; x_wconf 82' lang='lat' dir='ltr'>nomine</span> <span class='ocrx_word' id='word_1_130' title='bbox 970 3045 1178 3146; x_wconf 85' lang='lat' dir='ltr'><strong>Juncmann</strong></span> <span class='ocrx_word' id='word_1_131' title='bbox 1198 3039 1331 3117; x_wconf 82' lang='lat' dir='ltr'>tradidi</span> <span class='ocrx_word' id='word_1_132' title='bbox 1347 3041 1397 3116; x_wconf 85' lang='lat' dir='ltr'>ad</span> <span class='ocrx_word' id='word_1_133' title='bbox 1415 3039 1574 3117; x_wconf 76' lang='lat' dir='ltr'>[austum</span> <span class='ocrx_word' id='word_1_134' title='bbox 1598 3041 1810 3124; x_wconf 83' lang='lat' dir='ltr'>Nazarium</span> 
     </span>
    </p>

    <p class='ocr_par' dir='ltr' id='par_1_10' title="bbox 612 3141 1813 3242">
     <span class='ocr_line' id='line_1_21' title="bbox 612 3141 1813 3242; baseline 0 -18"><span class='ocrx_word' id='word_1_135' title='bbox 612 3171 737 3226; x_wconf 84' lang='lat' dir='ltr'><strong>aream</strong></span> <span class='ocrx_word' id='word_1_136' title='bbox 751 3173 864 3226; x_wconf 84' lang='lat' dir='ltr'><strong>unam</strong></span> <span class='ocrx_word' id='word_1_137' title='bbox 881 3149 919 3226; x_wconf 86' lang='lat'>&amp;</span> <span class='ocrx_word' id='word_1_138' title='bbox 934 3148 1084 3225; x_wconf 86' lang='lat' dir='ltr'>vineam</span> <span class='ocrx_word' id='word_1_139' title='bbox 1093 3141 1128 3241; x_wconf 83' lang='lat' dir='ltr'>j3</span> <span class='ocrx_word' id='word_1_140' title='bbox 1145 3157 1305 3220; x_wconf 84' lang='lat' dir='ltr'>econtra</span> <span class='ocrx_word' id='word_1_141' title='bbox 1322 3143 1447 3242; x_wconf 76' lang='lat' dir='ltr'>accepi</span> <span class='ocrx_word' id='word_1_142' title='bbox 1459 3143 1505 3216; x_wconf 87' lang='lat' dir='ltr'>de</span> <span class='ocrx_word' id='word_1_143' title='bbox 1521 3145 1683 3242; x_wconf 81' lang='lat' dir='ltr'>partibus</span> <span class='ocrx_word' id='word_1_144' title='bbox 1698 3147 1813 3224; x_wconf 58' lang='lat' dir='ltr'>sanai</span> 
     </span>
    </p>

    <p class='ocr_par' dir='ltr' id='par_1_11' title="bbox 532 3243 1812 3346">
     <span class='ocr_line' id='line_1_22' title="bbox 532 3243 1812 3346; baseline -0.009 -14"><span class='ocrx_word' id='word_1_145' title='bbox 532 3253 683 3332; x_wconf 86' lang='lat' dir='ltr'><strong>Nazarii</strong></span> <span class='ocrx_word' id='word_1_146' title='bbox 708 3253 745 3328; x_wconf 89' lang='lat' dir='ltr'>in</span> <span class='ocrx_word' id='word_1_147' title='bbox 767 3253 857 3328; x_wconf 87' lang='lat' dir='ltr'>villa</span> <span class='ocrx_word' id='word_1_148' title='bbox 884 3250 1110 3328; x_wconf 78' lang='lat' dir='ltr'><em>Radinchcim</em></span> <span class='ocrx_word' id='word_1_149' title='bbox 1129 3243 1173 3342; x_wconf 85' lang='lat' dir='ltr'>jx</span> <span class='ocrx_word' id='word_1_150' title='bbox 1192 3244 1382 3343; x_wconf 77' lang='lat' dir='ltr'>jurnaleS,</span> <span class='ocrx_word' id='word_1_151' title='bbox 1407 3244 1446 3322; x_wconf 88' lang='lat'>&amp;</span> <span class='ocrx_word' id='word_1_152' title='bbox 1461 3244 1502 3320; x_wconf 89' lang='lat' dir='ltr'>in</span> <span class='ocrx_word' id='word_1_153' title='bbox 1528 3246 1812 3346; x_wconf 75' lang='lat' dir='ltr'>Odmheimaerjjjj</span> 
     </span>
    </p>

    <p class='ocr_par' dir='ltr' id='par_1_12' title="bbox 369 3348 1813 3452">
     <span class='ocr_line' id='line_1_23' title="bbox 369 3348 1813 3452; baseline -0.004 -18"><span class='ocrx_word' id='word_1_154' title='bbox 369 3363 372 3370; x_wconf 81' lang='grc'><em>’</em></span> <span class='ocrx_word' id='word_1_155' title='bbox 529 3354 706 3452; x_wconf 81' lang='lat' dir='ltr'><strong>jurnales.</strong></span> <span class='ocrx_word' id='word_1_156' title='bbox 762 3353 820 3430; x_wconf 87' lang='lat' dir='ltr'>Isti</span> <span class='ocrx_word' id='word_1_157' title='bbox 840 3353 921 3428; x_wconf 85' lang='lat' dir='ltr'>sunt</span> <span class='ocrx_word' id='word_1_158' title='bbox 935 3350 1045 3428; x_wconf 84' lang='lat' dir='ltr'>testes</span> <span class='ocrx_word' id='word_1_159' title='bbox 1072 3349 1270 3437; x_wconf 88' lang='lat' dir='ltr'>Edeluuin‚</span> <span class='ocrx_word' id='word_1_160' title='bbox 1297 3348 1534 3439; x_wconf 81' lang='lat' dir='ltr'>Ruthardus,</span> <span class='ocrx_word' id='word_1_161' title='bbox 1557 3349 1713 3440; x_wconf 86' lang='lat' dir='ltr'>Gerold,</span> <span class='ocrx_word' id='word_1_162' title='bbox 1739 3352 1813 3428; x_wconf 90' lang='lat' dir='ltr'>Re·</span> 
     </span>
    </p>
   </div>
   <div class='ocr_carea' id='block_1_9' title="bbox 352 3456 1598 3833">
    <p class='ocr_par' dir='ltr' id='par_1_13' title="bbox 352 3456 1598 3833">
     <span class='ocr_line' id='line_1_24' title="bbox 400 3456 867 3554; baseline -0.006 -22"><span class='ocrx_word' id='word_1_163' title='bbox 400 3459 417 3470; x_wconf 86' lang='grc'>”</span> <span class='ocrx_word' id='word_1_164' title='bbox 535 3458 631 3554; x_wconf 82' lang='lat' dir='ltr'>gilo,</span> <span class='ocrx_word' id='word_1_165' title='bbox 659 3456 867 3552; x_wconf 67' lang='lat' dir='ltr'><strong>Willehart.</strong></span> 
     </span>
     <span class='ocr_line' id='line_1_25' title="bbox 352 3567 1341 3661; baseline 0.005 -12"><span class='ocrx_word' id='word_1_166' title='bbox 352 3592 357 3606; x_wconf 93' lang='lat'><em>·</em></span> <span class='ocrx_word' id='word_1_167' title='bbox 1014 3567 1341 3661; x_wconf 82' lang='lat' dir='ltr'>MMCCCXVI.</span> 
     </span>
     <span class='ocr_line' id='line_1_26' title="bbox 736 3699 1598 3833; baseline -0.007 -39"><span class='ocrx_word' id='word_1_168' title='bbox 736 3699 998 3816; x_wconf 78' lang='lat' dir='ltr'><em>Commutatio</em></span> <span class='ocrx_word' id='word_1_169' title='bbox 1026 3700 1256 3790; x_wconf 77' lang='lat' dir='ltr'><em>Hildebaldi</em></span> <span class='ocrx_word' id='word_1_170' title='bbox 1286 3700 1598 3833; x_wconf 41' lang='lat' dir='ltr'><em>in&#39;Mencingen.</em></span> 
     </span>
    </p>
   </div>
   <div class='ocr_carea' id='block_1_10' title="bbox 537 3867 1816 4010">
    <p class='ocr_par' dir='ltr' id='par_1_14' title="bbox 525 3867 1816 4010">
     <span class='ocr_line' id='line_1_27' title="bbox 537 3867 1816 4010; baseline -0.005 -62.056"><span class='ocrx_word' id='word_1_171' title='bbox 537 3881 587 4010; x_wconf 79' lang='lat' dir='ltr'>In</span> <span class='ocrx_word' id='word_1_172' title='bbox 609 3867 741 3950; x_wconf 87' lang='lat' dir='ltr'>Christi</span> <span class='ocrx_word' id='word_1_173' title='bbox 765 3869 912 3945; x_wconf 84' lang='lat' dir='ltr'><strong>nomine</strong></span> <span class='ocrx_word' id='word_1_174' title='bbox 933 3891 977 3942; x_wconf 90' lang='lat' dir='ltr'>co</span> <span class='ocrx_word' id='word_1_175' title='bbox 1185 3881 1299 3964; x_wconf 89' lang='lat' dir='ltr'><strong>atque</strong></span> <span class='ocrx_word' id='word_1_176' title='bbox 1321 3869 1603 3947; x_wconf 84' lang='lat' dir='ltr'><strong>convenitinter</strong></span> <span class='ocrx_word' id='word_1_177' title='bbox 1622 3868 1816 3946; x_wconf 86' lang='lat' dir='ltr'>venerabi-</span> 
     </span>
    </p>
   </div>
   <div class='ocr_carea' id='block_1_11' title="bbox 588 3968 1922 4148">
    <p class='ocr_par' dir='ltr' id='par_1_15' title="bbox 588 3968 1922 4148">
     <span class='ocr_line' id='line_1_28' title="bbox 588 3968 1922 4072; baseline -0.005 -20"><span class='ocrx_word' id='word_1_178' title='bbox 588 3975 664 4052; x_wconf 88' lang='lat' dir='ltr'>lem</span> <span class='ocrx_word' id='word_1_179' title='bbox 677 3973 892 4054; x_wconf 86' lang='lat' dir='ltr'><strong>Samuelem</strong></span> <span class='ocrx_word' id='word_1_180' title='bbox 905 3971 1154 4072; x_wconf 85' lang='lat' dir='ltr'>episcopuma</span> <span class='ocrx_word' id='word_1_181' title='bbox 1178 3968 1380 4071; x_wconf 81' lang='lat' dir='ltr'><strong>batemque</strong></span> <span class='ocrx_word' id='word_1_182' title='bbox 1394 3972 1600 4052; x_wconf 86' lang='lat' dir='ltr'>monasterii</span> <span class='ocrx_word' id='word_1_183' title='bbox 1615 3972 1721 4048; x_wconf 68' lang='lat' dir='ltr'>fausti</span> <span class='ocrx_word' id='word_1_184' title='bbox 1737 3971 1818 4046; x_wconf 86' lang='lat' dir='ltr'>Na·</span> <span class='ocrx_word' id='word_1_185' title='bbox 1914 4050 1922 4063; x_wconf 61' lang='lat'><em>,</em></span> 
     </span>
     <span class='ocr_line' id='line_1_29' title="bbox 1667 4093 1762 4148; baseline 0 0"><span class='ocrx_word' id='word_1_186' title='bbox 1667 4093 1762 4148; x_wconf 83' lang='lat' dir='ltr'>zaru</span> 
     </span>
    </p>
   </div>
   <div class='ocr_carea' id='block_1_12' title="bbox 0 0 1984 5359">
    <p class='ocr_par' dir='ltr' id='par_1_16' title="bbox 0 0 1984 5359">
     <span class='ocr_line' id='line_1_30' title="bbox 0 0 1984 5359; baseline 0 4"><span class='ocrx_word' id='word_1_187' title='bbox 0 0 1984 5359; x_wconf 95' lang='lat' dir='ltr'> </span> 
     </span>
    </p>
   </div>
  </div>
 </body>
</html>
