3959 5359
550 382 624 456 520
832 447 837 455 ,
981 357 1341 436 ΤκΔυιτιοιηε

550 521 1836 566 Ἣ

551 573 1835 612 —--—-----—---—-.-..

548 661 743 762 ·pulatione
757 657 923 738 subnixa.
977 661 1111 740 Alium
1127 665 1167 740 in
1181 662 1404 740 monasterio
1431 665 1671 764 Laurisham,
1687 675 1742 752 die
1758 676 1837 756 XV

374 759 427 827 ¹7·
441 738 526 824 sept.
555 764 733 841 kalendas
752 761 935 855 Olinbris,
960 789 1057 842 anno
1071 767 1176 844 XXX
1199 766 1327 844 Karoli
1342 766 1453 866 regis.
1565 763 1571 780 '

930 965 945 994 ”
1057 967 1329 1060 llllllDCVll.

984 1089 1164 1184 Donatio
1192 1095 1401 1186 Hiltwini.

558 1269 659 1398 Ego
677 1260 718 1335 in
741 1255 811 1332 Dei
833 1257 982 1332 nomine
1009 1259 1282 1378 lliltwindono
1308 1287 1374 1363 pro
1388 1268 1563 1384 'remedio
1582 1271 1718 1386 animae
1737 1292 1833 1349 meae
1923 1329 1924 1348 i

636 1363 684 1437 ad
699 1361 859 1436 landum
885 1361 1085 1435 Nazarium
1100 1362 1172 1438 &a
1200 1387 1239 1438 1n
1255 1367 1454 1464 supradilta
1469 1393 1594 1445 marca
1617 1395 1680 1467 ij]
1701 1395 1831 1466 Jurna·

558 1465 614 1540 les
630 1461 693 1559 &j
719 1460 913 1535 hastunam
938 1461 1170 1560 stipulatione
1186 1463 1349 1542 subnixa.
1400 1469 1536 1544 Alium
1552 1472 1589 1545 in
1610 1471 1831 1546 monasterio

319 1626 332 1642 .
393 1545 528 1634 ΜΨ»
558 1566 810 1650 Laurisham‚
836 1561 897 1636 die
923 1563 1159 1642 llkalendas
1185 1567 1301 1667 Julii,
1326 1591 1420 1643 anno
1438 1571 1512 1646 Xll
1534 1570 1729 1647 Ludowici
1747 1573 1826 1646 im-

556 1668 742 1768 peratoris.
1054 1763 1338 1860 MMDCVUL

556 1835 822 1990 ‘dommutotio
851 1895 957 1984 inter
995 1899 1246 2027 Egilbertum
1274 1897 1448 1984 abbatem
1475 1895 1527 1995 Ed
1564 1894 1825 2011 Linlsridum.

586 2091 611 2141 n
632 2064 764 2144 Christi
784 2063 933 2140 nomine
958 2065 1170 2163 conplacuit
1193 2077 1303 2162 atque
1322 2061 1493 2150 convenit
1513 2063 1606 2140 iuter
1637 2062 1826 2140 venerabi·

445 2197 455 2212 ⁸
610 2169 686 2242 lem
702 2165 934 2260 Egilbertnm
960 2167 1133 2242 abbatem
1154 2165 1360 2242 monasterii
1384 2165 1492 2242 laudii
1518 2165 1689 2254 Nuntii,
1714 2166 1753 2246 dc
1772 2165 1827 2242 vi·

558 2290 643 2345 rum
658 2267 844 2364 quendam
867 2268 1017 2343 nomine
1043 2267 1297 2358 Liutfridum,
1324 2281 1366 2344 ut
1380 2290 1439 2342 res
1461 2267 1543 2344 luas
1567 2266 1710 2344 interie
1730 2291 1827 2343 com·

559 2383 757 2446 mutarent.
810 2370 922 2444 Dedit
941 2371 1054 2465 igitur
1078 2385 1307 2446 memoratus
1331 2370 1388 2444 vir
1408 2370 1447 2443 in
1482 2370 1680 2468 supradilia
1706 2391 1827 2444 marca

556 2468 722 2569 jurnales
736 2491 780 2566 νς
805 2485 968 2545 econtra
983 2472 1085 2547 dedit
1111 2473 1307 2571 praeditlus
1327 2470 1421 2543 abba
1443 2472 1585 2546 invilla
1611 2471 1697 2546 Rieu
1713 2495 1736 2546 v
1753 2468 1829 2564 jur·
1923 2479 1924 2488 ’

560 2575 665 2650 nales
679 2571 909 2671 stipulatione
923 2573 1085 2648 subnixa.
1137 2572 1277 2646 Altum
1296 2571 1335 2643 in
1356 2570 1576 2646 monasterio
1594 2571 1829 2658 Laurisham,
1923 2573 1924 2580 ’

564 2699 661 2753 anno
676 2674 801 2755 XXVI
812 2674 1020 2768 „Ludowici
1033 2669 1139 2766 regis.
1596 2683 1600 2688 ·

1061 2861 1316 2958 lllllllDClX.

563 3003 824 3096 Commutatio
867 3004 970 3093 inter
1007 2997 1240 3222 Suoque}
1250 2989 1462 3109 episcopum
1491 2987 1541 3087 ti
1570 2987 1743 3078 abbatem
1774 2993 1836 3090 Θ
1923 2933 1924 2998 ἶ

642 3152 647 3162 ·
1124 3135 1197 3193 roo
1234 3134 1308 3192 um.
1595 3150 1598 3156 ν
1772 3137 1775 3142 ’

561 3291 613 3422 In
628 3282 760 3360 Christi
774 3279 924 3357 nomine
936 3275 1146 3380 conplacuit
1163 3289 1276 3371 atque
1289 3269 1460 3347 convenit
1474 3269 1570 3346 inter
1583 3268 1833 3347 venerabilem

613 3387 825 3463 Samuelem
846 3381 1057 3481 episcopum
1072 3379 1315 3474 abbatemque
1330 3372 1534 3448 monasterii
1547 3371 1657 3448 sancti
1685 3373 1833 3449 Nazarii

561 3484 735 3565 &virum
760 3485 949 3582 quendam
970 3485 1119 3559 nomine
1147 3479 1373 3564 Arnolfum,
1406 3487 1449 3550 ut
1481 3497 1538 3550 res
1569 3473 1655 3548 luas
1679 3475 1768 3548 inter
1797 3473 1832 3549 se

564 3602 845 3664 commutarent.
897 3569 1011 3662 Dedit
1026 3585 1139 3680 igitur
1153 3595 1379 3658 memoratus
1391 3577 1576 3676 episcopus
1589 3576 1741 3674 praefato
1752 3575 1831 3648 viro

562 3691 603 3768 in
626 3691 875 3766 Hmlinluimor
900 3708 1026 3761 marca
1049 3707 1174 3761 aream
1193 3682 1207 3780 j
1226 3681 1242 3776 ;'
1264 3707 1284 3758 e
1306 3693 1436 3756 contra
1450 3678 1550 3755 dedit
1572 3677 1749 3774 prael'atus
1774 3677 1832 3751 vir

563 3795 603 3869 in
623 3797 754 3868 eadem
779 3808 905 3866 marca
922 3784 949 3881 jj
973 3786 1139 3882 jurnales
1165 3785 1203 3860 dt
1220 3783 1248 3880 jj
1275 3799 1379 3883 prata
1412 3781 1638 3880 stipulatione
1669 3779 1832 3854 subnixa.

562 3893 707 3975 Actum
721 3896 761 3972 in
771 3889 988 3970 monasterio
1000 3885 1235 3976 Lauruham,
1262 3910 1359 3965 anno
1375 3883 1408 3964 V
1423 3879 1732 3972 Ludowicltegis.
